% Encoding: UTF-8

@misc{flamary2017pot,
title={POT Python Optimal Transport library},
author={Flamary, R{'e}mi and Courty, Nicolas},
url={https://github.com/rflamary/POT},
year={2017}
}


@article{flamary2018wasserstein,
  title={Wasserstein discriminant analysis},
  author={Flamary, R{\'e}mi and Cuturi, Marco and Courty, Nicolas and Rakotomamonjy, Alain},
  journal={Machine Learning},
  volume={107},
  number={12},
  pages={1923--1945},
  year={2018},
  publisher={Springer}
}

@inproceedings{cuturi2013sinkhorn,
  title={Sinkhorn distances: Lightspeed computation of optimal transport},
  author={Cuturi, Marco},
  booktitle={Advances in neural information processing systems},
  pages={2292--2300},
  year={2013}
}

@inproceedings{cuturi2014fast,
  title={Fast computation of Wasserstein barycenters},
  author={Cuturi, Marco and Doucet, Arnaud},
  booktitle={International Conference on Machine Learning},
  pages={685--693},
  year={2014}
}

@inproceedings{ding2007adaptive,
  title={Adaptive dimension reduction using discriminant analysis and k-means clustering},
  author={Ding, Chris and Li, Tao},
  booktitle={Proceedings of the 24th international conference on Machine learning},
  pages={521--528},
  year={2007},
  organization={ACM}
}

@inproceedings{wang2014unsupervised,
  title={Unsupervised feature selection via unified trace ratio formulation and k-means clustering (track)},
  author={Wang, De and Nie, Feiping and Huang, Heng},
  booktitle={Joint European Conference on Machine Learning and Knowledge Discovery in Databases},
  pages={306--321},
  year={2014},
  organization={Springer}
}

@inproceedings{ye2008discriminative,
  title={Discriminative k-means for clustering},
  author={Ye, Jieping and Zhao, Zheng and Wu, Mingrui},
  booktitle={Advances in neural information processing systems},
  pages={1649--1656},
  year={2008}
}


@Book{van2012matrix,
  title     = {Matrix Computations},
  publisher = {Johns Hopkins University Press, Baltimore, MD},
  year      = {2012},
  author    = {Van Loan, Charles F and Golub, Gene H},
  edition   = {4th},
}

@Book{stewart1990matrix,
  title     = {Matrix Perturbation Theory},
  publisher = {Academic Press},
  year      = {1990},
  author    = {Stewart, Gilbert W and Sun, Ji-Guang},
  address   = {Boston},
  kwds      = {book, la, pert},
}

@article{sun1983perturbation,
  title={The perturbation bounds for eigenspaces of a definite matrix-pair},
  author={Sun, Ji-guang},
  journal={Numerische Mathematik},
  volume={41},
  number={3},
  pages={321--343},
  year={1983},
  publisher={Springer}
}

@inproceedings{lazebnik2006beyond,
  title={Beyond bags of features: Spatial pyramid matching for recognizing natural scene categories},
  author={Lazebnik, Svetlana and Schmid, Cordelia and Ponce, Jean},
  booktitle={2006 IEEE Computer Society Conference on Computer Vision and Pattern Recognition (CVPR'06)},
  volume={2},
  pages={2169--2178},
  year={2006},
  organization={IEEE}
}

@inproceedings{schuldt2004recognizing,
  title={Recognizing human actions: a local SVM approach},
  author={Schuldt, Christian and Laptev, Ivan and Caputo, Barbara},
  booktitle={Proceedings of the 17th International Conference on Pattern Recognition, 2004. ICPR 2004.},
  volume={3},
  pages={32--36},
  year={2004},
  organization={IEEE}
}

@inproceedings{wang2007trace,
  title={Trace ratio vs. ratio trace for dimensionality reduction},
  author={Wang, Huan and Yan, Shuicheng and Xu, Dong and Tang, Xiaoou and Huang, Thomas},
  booktitle={2007 IEEE Conference on Computer Vision and Pattern Recognition},
  pages={1--8},
  year={2007},
  organization={IEEE}
}

@article{jia2009trace,
  title={Trace ratio problem revisited},
  author={Jia, Yangqing and Nie, Feiping and Zhang, Changshui},
  journal={IEEE Transactions on Neural Networks},
  volume={20},
  number={4},
  pages={729--735},
  year={2009},
  publisher={IEEE}
}

@inproceedings{nie2008trace,
  title={Trace ratio criterion for feature selection.},
  author={Nie, Feiping and Xiang, Shiming and Jia, Yangqing and Zhang, Changshui and Yan, Shuicheng},
  booktitle={AAAI},
  volume={2},
  pages={671--676},
  year={2008}
}

@article{ngo2012trace,
  title={The trace ratio optimization problem},
  author={Ngo, Thanh T and Bellalij, Mohammed and Saad, Yousef},
  journal={SIAM review},
  volume={54},
  number={3},
  pages={545--569},
  year={2012},
  publisher={SIAM}
}


@article{rand1971objective,
  title={Objective criteria for the evaluation of clustering methods},
  author={Rand, William M},
  journal={Journal of the American Statistical association},
  volume={66},
  number={336},
  pages={846--850},
  year={1971},
  publisher={Taylor \& Francis Group}
}


@article{strehl2002cluster,
  title={Cluster ensembles---a knowledge reuse framework for combining multiple partitions},
  author={Strehl, Alexander and Ghosh, Joydeep},
  journal={Journal of machine learning research},
  volume={3},
  number={Dec},
  pages={583--617},
  year={2002}
}


@inproceedings{rosenberg2007v,
  title={V-measure: A conditional entropy-based external cluster evaluation measure},
  author={Rosenberg, Andrew and Hirschberg, Julia},
  booktitle={Proceedings of the 2007 joint conference on empirical methods in natural language processing and computational natural language learning (EMNLP-CoNLL)},
  pages={410--420},
  year={2007}
}

@article{fowlkes1983method,
  title={A method for comparing two hierarchical clusterings},
  author={Fowlkes, Edward B and Mallows, Colin L},
  journal={Journal of the American statistical association},
  volume={78},
  number={383},
  pages={553--569},
  year={1983},
  publisher={Taylor \& Francis Group}
}

@book{martin2004electronic,
  title={Electronic structure: basic theory and practical methods},
  author={Martin, Richard M and Martin, Richard Milton},
  year={2004},
  publisher={Cambridge university press}
}

@article{saad2010numerical,
  title={Numerical methods for electronic structure calculations of materials},
  author={Saad, Yousef and Chelikowsky, James R and Shontz, Suzanne M},
  journal={SIAM review},
  volume={52},
  number={1},
  pages={3--54},
  year={2010},
  publisher={SIAM}
}
@article{cances2001self,
  title={Self-consistent field algorithms for Kohn--Sham models with fractional occupation numbers},
  author={Canc{\`e}s, Eric},
  journal={The Journal of Chemical Physics},
  volume={114},
  number={24},
  pages={10616--10622},
  year={2001},
  publisher={AIP}
}

@article{yang2009convergence,
  title={On the convergence of the self-consistent field iteration for a class of nonlinear eigenvalue problems},
  author={Yang, Chao and Gao, Weiguo and Meza, Juan C},
  journal={SIAM journal on matrix analysis and applications},
  volume={30},
  number={4},
  pages={1773--1788},
  year={2009},
  publisher={SIAM}
}

@article{liu2014convergence,
  title={On the convergence of the self-consistent field iteration in Kohn--Sham density functional theory},
  author={Liu, Xin and Wang, Xiao and Wen, Zaiwen and Yuan, Yaxiang},
  journal={SIAM Journal on Matrix Analysis and Applications},
  volume={35},
  number={2},
  pages={546--558},
  year={2014},
  publisher={SIAM}
}

@article{yan2006graph,
  title={Graph embedding and extensions: A general framework for dimensionality reduction},
  author={Yan, Shuicheng and Xu, Dong and Zhang, Benyu and Zhang, Hong-Jiang and Yang, Qiang and Lin, Stephen},
  journal={IEEE transactions on pattern analysis and machine intelligence},
  volume={29},
  number={1},
  pages={40--51},
  year={2006},
  publisher={IEEE}
}

@article{cai2018eigenvector,
  title={On an eigenvector-dependent nonlinear eigenvalue problem},
  author={Cai, Yunfeng and Zhang, Lei-Hong and Bai, Zhaojun and Li, Ren-Cang},
  journal={SIAM Journal on Matrix Analysis and Applications},
  volume={39},
  number={3},
  pages={1360--1382},
  year={2018},
  publisher={SIAM}
}

@book{friedman2001elements,
  title={The elements of statistical learning},
  author={Friedman, Jerome and Hastie, Trevor and Tibshirani, Robert},
  volume={1},
  number={10},
  year={2001},
  publisher={Springer series in statistics New York}
}

@book{villani2008optimal,
  title={Optimal transport: old and new},
  author={Villani, C{\'e}dric},
  volume={338},
  year={2008},
  publisher={Springer Science \& Business Media}
}

@article{benamou2015iterative,
  title={Iterative Bregman projections for regularized transportation problems},
  author={Benamou, Jean-David and Carlier, Guillaume and Cuturi, Marco and Nenna, Luca and Peyr{\'e}, Gabriel},
  journal={SIAM Journal on Scientific Computing},
  volume={37},
  number={2},
  pages={A1111--A1138},
  year={2015},
  publisher={SIAM}
}

@article{knight2008sinkhorn,
  title={The Sinkhorn--Knopp algorithm: convergence and applications},
  author={Knight, Philip A},
  journal={SIAM Journal on Matrix Analysis and Applications},
  volume={30},
  number={1},
  pages={261--275},
  year={2008},
  publisher={SIAM}
}

@article{colson2007overview,
  title={An overview of bilevel optimization},
  author={Colson, Beno{\^\i}t and Marcotte, Patrice and Savard, Gilles},
  journal={Annals of operations research},
  volume={153},
  number={1},
  pages={235--256},
  year={2007},
  publisher={Springer}
}

@article{boumal2014manopt,
  title={Manopt, a Matlab toolbox for optimization on manifolds},
  author={Boumal, Nicolas and Mishra, Bamdev and Absil, P-A and Sepulchre, Rodolphe},
  journal={The Journal of Machine Learning Research},
  volume={15},
  number={1},
  pages={1455--1459},
  year={2014},
  publisher={JMLR. org}
}

@article{townsend2016pymanopt,
  title={Pymanopt: A python toolbox for optimization on manifolds using automatic differentiation},
  author={Townsend, James and Koep, Niklas and Weichwald, Sebastian},
  journal={The Journal of Machine Learning Research},
  volume={17},
  number={1},
  pages={4755--4759},
  year={2016},
  publisher={JMLR. org}
}

@inproceedings{maclaurin2015autograd,
  title={Autograd: Effortless gradients in numpy},
  author={Maclaurin, Dougal and Duvenaud, David and Adams, Ryan P},
  booktitle={ICML 2015 AutoML Workshop},
  volume={238},
  year={2015}
}

@inproceedings{lanckriet2009convergence,
  title={On the convergence of the concave-convex procedure},
  author={Lanckriet, Gert R and Sriperumbudur, Bharath K},
  booktitle={Advances in neural information processing systems},
  pages={1759--1767},
  year={2009}
}

@inproceedings{lin2019efficient,
  title={On Efficient Optimal Transport: An Analysis of Greedy and Accelerated Mirror Descent Algorithms},
  author={Lin, Tianyi and Ho, Nhat and Jordan, Michael},
  booktitle={International Conference on Machine Learning},
  pages={3982--3991},
  year={2019}
}

@inproceedings{alaya2019screening,
  title={Screening sinkhorn algorithm for regularized optimal transport},
  author={Alaya, Mokhtar Z and Berar, Maxime and Gasso, Gilles and Rakotomamonjy, Alain},
  booktitle={Advances in Neural Information Processing Systems},
  pages={12169--12179},
  year={2019}
}

@inproceedings{altschuler2017near,
  title={Near-linear time approximation algorithms for optimal transport via Sinkhorn iteration},
  author={Altschuler, Jason and Niles-Weed, Jonathan and Rigollet, Philippe},
  booktitle={Advances in Neural Information Processing Systems},
  pages={1964--1974},
  year={2017}
}


@inproceedings{ho2019probabilistic,
  title={Probabilistic Multilevel Clustering via Composite Transportation Distance},
  author={Ho, Nhat and Huynh, Viet and Phung, Dinh and Jordan, Michael},
  booktitle={The 22nd International Conference on Artificial Intelligence and Statistics},
  pages={3149--3157},
  year={2019}
}

@inproceedings{ho2017multilevel,
  title={Multilevel Clustering via Wasserstein Means},
  author={Ho, Nhat and Nguyen, XuanLong and Yurochkin, Mikhail and Bui, Hung Hai and Huynh, Viet and Phung, Dinh},
  booktitle={International Conference on Machine Learning},
  pages={1501--1509},
  year={2017}
}

@inproceedings{mi2018variational,
  title={Variational wasserstein clustering},
  author={Mi, Liang and Zhang, Wen and Gu, Xianfeng and Wang, Yalin},
  booktitle={Proceedings of the European Conference on Computer Vision (ECCV)},
  pages={322--337},
  year={2018}
}


@inproceedings{li2017locality,
  title={Locality Adaptive Discriminant Analysis.},
  author={Li, Xuelong and Chen, Mulin and Nie, Feiping and Wang, Qi},
  booktitle={IJCAI},
  pages={2201--2207},
  year={2017}
}

@inproceedings{zhang2010worst,
  title={Worst-case linear discriminant analysis},
  author={Zhang, Yu and Yeung, Dit-Yan},
  booktitle={Advances in Neural Information Processing Systems},
  pages={2568--2576},
  year={2010}
}

@article{weinberger2009distance,
  title={Distance metric learning for large margin nearest neighbor classification},
  author={Weinberger, Kilian Q and Saul, Lawrence K},
  journal={Journal of Machine Learning Research},
  volume={10},
  number={Feb},
  pages={207--244},
  year={2009}
}

@article{fan2011local,
  title={Local linear discriminant analysis framework using sample neighbors},
  author={Fan, Zizhu and Xu, Yong and Zhang, David},
  journal={IEEE Transactions on Neural Networks},
  volume={22},
  number={7},
  pages={1119--1132},
  year={2011},
  publisher={IEEE}
}

@inproceedings{nie2007neighborhood,
  title={Neighborhood MinMax Projections.},
  author={Nie, Feiping and Xiang, Shiming and Zhang, Changshui},
  booktitle={IJCAI},
  pages={993--998},
  year={2007}
}


@inproceedings{cai2007locality,
  title={Locality sensitive discriminant analysis.},
  author={Cai, Deng and He, Xiaofei and Zhou, Kun and Han, Jiawei and Bao, Hujun},
  booktitle={IJCAI},
  volume={2007},
  pages={1713--1726},
  year={2007}
}

@article{sugiyama2007dimensionality,
  title={Dimensionality reduction of multimodal labeled data by local fisher discriminant analysis},
  author={Sugiyama, Masashi},
  journal={Journal of machine learning research},
  volume={8},
  number={May},
  pages={1027--1061},
  year={2007}
}

@Comment{jabref-meta: databaseType:bibtex;}
