@inproceedings{momconvg2016,
  title={Unified Convergence Analysis of Stochastic Momentum Methods for Convex and Non-convex Optimization
  },
  author={Yang, Tianbao and Lin, Qihang and Li, Zhe
  },
  booktitle={International Joint Conferences on Artificial Intelligence
  },
  year={2018}
}

@inproceedings{chee2018diag,
  title={Convergence diagnostics for stochastic gradient descent with constant learning rate
  },
  author={Chee, Jerry and Toulis, Panos
  },
  booktitle={21st International Conference on Artificial Intelligence and Statistics
  },
  year={2018}
}

@article{keskar2017switch,
  title={Improving Generalization Performance by Switching from Adam to SGD
  },
  author={Keskar, Nitish Shirish and Socher, Richard
  },
  journal={arXiv preprint arXiv:1712.07628
  },
  year={2017}
}

@article{polyak1964momentum,
  title={Some methods of speeding up the convergence of iteration methods
  },
  author={Polyak, B.T.
  },
  journal={USSR Computational Mathematics and Mathematical Physics
  },
  year={1964},
  volume={4},
  number={5},
  pages={1-17}
}

@inproceedings{yingradient,
  title={Gradient Diversity: a Key Ingredient for Scalable Distributed Learning},
  author={Yin, Dong and Pananjady, Ashwin and Lam, Max and Papailiopoulos, Dimitris and Ramchandran, Kannan and Bartlett, Peter},
    booktitle={Proceedings of 21st International Conference on Artificial Intelligence and Statistics (AISTATS'18)},
  year={2018}
}
%%   OLD references.
@article{xu2011towards,
  title={Towards optimal one pass large scale learning with averaged stochastic gradient descent},
  author={Xu, Wei},
  journal={arXiv preprint arXiv:1107.2490},
  year={2011}
}

@inproceedings{toulis2014statistical,
  title={Statistical analysis of stochastic gradient methods for generalized linear models},
  author={Toulis, Panos and Rennie, Jason and Airoldi, Edoardo},
  booktitle={31st International Conference on Machine Learning},
  year={2014}
}

@article{toulis2017asymptotic,
  title={Asymptotic and finite-sample properties of estimators based on stochastic gradients},
  author={Toulis, Panos and Airoldi, Edoardo M and others},
  journal={The Annals of Statistics},
  volume={45},
  number={4},
  pages={1694--1727},
  year={2017},
  publisher={Institute of Mathematical Statistics}
}

@article{toulis2015implicit,
  title={Implicit stochastic approximation},
  author={Toulis, Panos and Airoldi, Edoardo M},
  journal={arXiv preprint arXiv:1510.00967},
  year={2015}
}

@article{toulis2015scalable,
  title={Scalable estimation strategies based on stochastic approximations: classical results and new insights},
  author={Toulis, Panos and Airoldi, Edoardo M},
  journal={Statistics and computing},
  volume={25},
  number={4},
  pages={781--795},
  year={2015},
  publisher={Springer}
}

@book{benveniste1990adaptive,
  title={Adaptive algorithms and stochastic approximations},
  author={Benveniste, Albert and Priouret, Pierre and M{\'e}tivier, Michel},
  year={1990},
  publisher={Springer-Verlag New York, Inc.}
}

@book{ljung1992stochastic,
  title={Stochastic approximation and optimization of random systems},
  author={Ljung, Lennart and Pflug, Georg Ch and Walk, Harro},
  volume={17},
  year={1992},
  publisher={Springer}
}


@article{sakrison1965efficient,
  title={Efficient recursive estimation; application to estimating the parameters of a covariance function},
  author={Sakrison, David J},
  journal={International Journal of Engineering Science},
  volume={3},
  number={4},
  pages={461--483},
  year={1965},
  publisher={Elsevier}
}

@article{robbins1951stochastic,
  title={A stochastic approximation method},
  author={Robbins, Herbert and Monro, Sutton},
  journal={The annals of mathematical statistics},
  pages={400--407},
  year={1951},
  publisher={JSTOR}
}

@book{hastie2009elements,
  title={The elements of statistical learning},
  author={Hastie, Trevor and Tibshirani, Robert and Friedman, Jerome and Hastie, T and Friedman, J and Tibshirani, R},
  volume={2},
  number={1},
  year={2009},
  publisher={Springer}
}

@article{bertsekas2011incremental,
  title={Incremental proximal methods for large scale convex optimization},
  author={Bertsekas, Dimitri P},
  journal={Mathematical programming},
  volume={129},
  number={2},
  pages={163--195},
  year={2011},
  publisher={Springer}
}

@article{rockafellar1976monotone,
  title={Monotone operators and the proximal point algorithm},
  author={Rockafellar, R Tyrrell},
  journal={SIAM journal on control and optimization},
  volume={14},
  number={5},
  pages={877--898},
  year={1976},
  publisher={SIAM}
}

@article{beck2009fast,
  title={A fast iterative shrinkage-thresholding algorithm for linear inverse problems},
  author={Beck, Amir and Teboulle, Marc},
  journal={SIAM Journal on Imaging Sciences},
  volume={2},
  number={1},
  pages={183--202},
  year={2009},
  publisher={SIAM}
}

@article{lions1979splitting,
  title={Splitting algorithms for the sum of two nonlinear operators},
  author={Lions, Pierre-Louis and Mercier, Bertrand},
  journal={SIAM Journal on Numerical Analysis},
  volume={16},
  number={6},
  pages={964--979},
  year={1979},
  publisher={SIAM}
}

@inproceedings{singer2009efficient,
  title={Efficient learning using forward-backward splitting},
  author={Singer, Yoram and Duchi, John C},
  booktitle={Advances in Neural Information Processing Systems},
  pages={495--503},
  year={2009}
}

@article{duchi2011adaptive,
  title={Adaptive subgradient methods for online learning and stochastic optimization},
  author={Duchi, John and Hazan, Elad and Singer, Yoram},
  journal={The Journal of Machine Learning Research},
  volume={12},
  pages={2121--2159},
  year={2011},
  publisher={JMLR. org}
}

@article{parikh2013proximal,
  title={Proximal algorithms},
  author={Parikh, Neal and Boyd, Stephen},
  journal={Foundations and Trends in optimization},
  volume={1},
  number={3},
  pages={123--231},
  year={2013}
}

@article{ryustochastic,
  title={Stochastic Proximal Iteration: A Non-Asymptotic Improvement Upon Stochastic Gradient Descent},
  author={Ryu, Ernest K and Boyd, Stephen},
  journal={Author website, early draft},
  year={2014}
}

@article{rosasco2014convergence,
  title={Convergence of stochastic proximal gradient algorithm},
  author={Rosasco, Lorenzo and Villa, Silvia and V{\~u}, Bang C{\^o}ng},
  journal={arXiv preprint arXiv:1403.5074},
  year={2014}
}

@article{kivinen2006p,
  title={The p-norm generalization of the LMS algorithm for adaptive filtering},
  author={Kivinen, Jyrki and Warmuth, Manfred K and Hassibi, Babak},
  journal={Signal Processing, IEEE Transactions on},
  volume={54},
  number={5},
  pages={1782--1793},
  year={2006},
  publisher={IEEE}
}

@inproceedings{kulis2010implicit,
  title={Implicit online learning},
  author={Kulis, Brian and Bartlett, Peter L},
  booktitle={Proceedings of the 27th International Conference on Machine Learning (ICML-10)},
  pages={575--582},
  year={2010}
}

@article{nemirovski2009robust,
  title={Robust stochastic approximation approach to stochastic programming},
  author={Nemirovski, Arkadi and Juditsky, Anatoli and Lan, Guanghui and Shapiro, Alexander},
  journal={SIAM Journal on Optimization},
  volume={19},
  number={4},
  pages={1574--1609},
  year={2009},
  publisher={SIAM}
}

@article{krakowskigeometric,
  title={A Geometric View of Non-Linear On-Line Stochastic Gradient Descent},
  author={Krakowski, Krzysztof A and Mahony, Robert E and Williamson, Robert C and Warmuth, Manfred K},
  year={2007},
  journal={Author website}
}

%% Averaging
@article{polyak1991new,
  title={New stochastic approximation type procedures},
  author={Boris Polyak},
  journal={Avtomat. i Telemekh.},
  volume={7},
  pages={98--107},
  year={1990},
}

@article{polyak1992acceleration,
  title={Acceleration of stochastic approximation by averaging},
  author={Polyak, Boris T and Juditsky, Anatoli B},
  journal={SIAM Journal on Control and Optimization},
  volume={30},
  number={4},
  pages={838--855},
  year={1992},
  publisher={SIAM}
}

@techreport{ruppert1988efficient,
  title={Efficient estimators from a slowly convergent Robbins-Monro process},
  author={David Ruppert},
  institution={School of Operations Research and Industrial Engineering, Cornell
  University},
  year={1988},
}

@book{bather1989stochastic,
  title={Stochastic approximation: A generalisation of the Robbins-Monro procedure},
  author={Bather, JA},
  volume={89},
  number={16},
  year={1989},
  publisher={Mathematical Sciences Institute, Cornell University}
}


@inproceedings{bach2013non,
  title={Non-strongly-convex smooth stochastic approximation with convergence rate {O}(1/n)},
  author={Bach, Francis and Moulines, Eric},
  booktitle={Advances in Neural Information Processing Systems},
  pages={773--781},
  year={2013}
}

@article{kersting1977almost,
  title={Almost sure approximation of the Robbins-Monro process by sums of independent random variables},
  author={Kersting, Gotz},
  journal={The Annals of Probability},
  pages={954--965},
  year={1977},
  publisher={JSTOR}
}

@article{schwabe1986strong,
  title={Strong representation of an adaptive stochastic approximation procedure},
  author={Schwabe, Rainer},
  journal={Stochastic processes and their applications},
  volume={23},
  number={1},
  pages={115--130},
  year={1986},
  publisher={Elsevier}
}

@book{nesterov2004introductory,
  title={Introductory lectures on convex optimization},
  author={Nesterov, Yurii},
  volume={87},
  year={2004},
  publisher={Springer Science \& Business Media}
}

@article{xiao2014proximal,
  title={A proximal stochastic gradient method with progressive variance reduction},
  author={Xiao, Lin and Zhang, Tony},
  journal={SIAM Journal on Optimization},
  volume={24},
  pages={2057-2075},
  year={2014},
  publisher={SIAM}
}

@techreport{schmidt2013minimizing,
  title={Minimizing finite sums with the stochastic average gradient},
  author={Schmidt, Mark and Le Roux, Nicolas and Bach, Francis},
  institution={HAL 00860051},
  year={2013}
}

@article{lewis2004rcv1,
  title={RCV1: A new benchmark collection for text categorization research},
  author={Lewis, David and Yang, Yiming and Rose, Tony and Li, Fan},
  journal={The Journal of Machine Learning Research},
  volume={5},
  pages={361-397},
  year={2004},
  publisher={JMLR. org}
}

@article{karam2010importance,
  title={Importance Weight Aware Gradient Updates},
  author={Nikos Karampatziakis and John Langford},
  journal={arXiv preprint arXiv:1011.1576},
  year={2010}
}

@inproceedings{mcmahan2010adaptive,
  title={Adaptive Bound Optimization for Online Convex Optimization},
  author={McMahan, Brendan and Streeter, Matthew},
  booktitle={Proceedings of the 23rd Annual Conference on Learning Theory (COLT)},
  year={2010},
}

@phdthesis{blackard1998comparison,
  author={Blackard, Jock},
  title= {Comparison of neural networks and discriminant analysis in predicting forest cover types},
  school={Department of Forest Sciences, Colorado State University},
  year={1998}
}

@article{lecun1998gradient,
  author={{Le Cun}, Yann and Bottou, L\'{e}on and Bengio, Yoshua and Haffner, Patrick},
  title={Gradient-based learning applied to document recognition},
  journal={Proceedings of IEEE},
  volume={86},
  number={11},
  pages={2278-2324},
  year={1998}
}

@inproceedings{moulines2011non,
  title={Non-asymptotic analysis of stochastic approximation algorithms for machine learning},
  author={Moulines, Eric and Bach, Francis R},
  booktitle={Advances in Neural Information Processing Systems},
  pages={451--459},
  year={2011}
}

@misc{causality2008sido,
  author={Isabelle Guyon},
  title={SIDO: A phamacology dataset},
  year={2008},
  url={http://www.causality.inf.ethz.ch/data/SIDO.html},
  institution={Causality workbench repository}
}

@misc{sonnenburg2008pascal,
  author={Sonnenburg, Soeren and Franc, Vojtech and Yom-Tov, Elad and Sebag, Michele},
  title={Pascal large scale learning challenge},
  year={2008},
  url={http://largescale.first.fraunhofer.de},
}

@incollection{bottou2012stochastic,
  author = {Bottou, Leon},
  booktitle = {Neural Networks: Tricks of the Trade},
  pages = {421--436},
  title = {{Stochastic Gradient Descent Tricks}},
  volume = {1},
  year = {2012}
}

@incollection{bottou2010large,
  title={Large-scale machine learning with stochastic gradient descent},
  author={Bottou, L{\'e}on},
  booktitle={Proceedings of COMPSTAT'2010},
  pages={177--186},
  year={2010},
  publisher={Springer}
}


@inproceedings{zhang2004solving,
  title={Solving large scale linear prediction problems using stochastic gradient descent algorithms},
  author={Zhang, Tong},
  booktitle={Proceedings of the twenty-first international conference on Machine learning},
  pages={116},
  year={2004},
  organization={ACM}
}

@incollection{bottou2004stochastic,
  title={Stochastic learning},
  author={Bottou, L{\'e}on},
  booktitle={Advanced lectures on machine learning},
  pages={146--168},
  year={2004},
  publisher={Springer}
}

@article{bordes2009sgd,
  title={Sgd-qn: Careful quasi-newton stochastic gradient descent},
  author={Bordes, Antoine and Bottou, L{\'e}on and Gallinari, Patrick},
  journal={The Journal of Machine Learning Research},
  volume={10},
  pages={1737--1754},
  year={2009},
  publisher={JMLR. org}
}
@article{amari2000adaptive,
  title={Adaptive method of realizing natural gradient learning for multilayer perceptrons},
  author={Amari, Shun-Ichi and Park, Hyeyoung and Fukumizu, Kenji},
  journal={Neural Computation},
  volume={12},
  number={6},
  pages={1399--1409},
  year={2000},
  publisher={MIT Press}
}

@article{dempster1977maximum,
  title={Maximum likelihood from incomplete data via the EM algorithm},
  author={Dempster, Arthur P and Laird, Nan M and Rubin, Donald B},
  journal={Journal of the royal statistical society. Series B (methodological)},
  pages={1--38},
  year={1977},
  publisher={JSTOR}
}

@article{schuurmans2007implicit,
  title={Implicit online learning with kernels},
  author={Schuurmans, Li Cheng SVN and Caelli, SW},
  journal={Advances in neural information processing systems},
  volume={19},
  pages={249},
  year={2007}
}

@article{nagumo1967learning,
  title={A learning method for system identification},
  author={Nagumo, Jin-Ichi and Noda, Atsuhiko},
  journal={Automatic Control, IEEE Transactions on},
  volume={12},
  number={3},
  pages={282--287},
  year={1967},
  publisher={IEEE}
}
%% new
@article{benveniste1990adaptive,
  title={Adaptive algorithms and stochastic approximations},
  author={Benveniste, Albert and Priouret, Pierre and M{\'e}tivier, Michel},
  year={1990},
  publisher={Springer}
}

@book{nevel1973stochastic,
  title={Stochastic approximation and recursive estimation},
  author={Nevel'son, Mikhail Borisovich and Khaseminski, Rafail Zalmanovich and Silver, Ben},
  year={1973},
  publisher={American Mathematical Society Providence, RI}
}

@article{borkar2008stochastic,
  title={Stochastic approximation},
  author={Borkar, Vivek S},
  journal={Cambridge Books},
  year={2008},
  publisher={Cambridge University Press}
}

@article{karampatziakis2010online,
  title={Online importance weight aware updates},
  author={Karampatziakis, Nikos and Langford, John},
  journal={arXiv preprint arXiv:1011.1576},
  year={2010}
}
@misc{bottoumisc,
  author={Leon Bottou},
  title={sgd git repository},
  journal={Git repository},
  url={http:leon.bottou.org/git/sgd.git},
}

@inproceedings{defossez2015averaged,
  title={Averaged Least-Mean-Squares: Bias-Variance Trade-offs and Optimal Sampling Distributions},
  author={D{\'e}fossez, Alexandre and Bach, Francis},
  booktitle={Proceedings of the Eighteenth International Conference on Artificial Intelligence and Statistics},
  pages={205--213},
  year={2015}
}

%%%.  NEWly added.

@article{murata1998statistical,
  title={A statistical study of on-line learning},
  author={Murata, Noboru},
  journal={Online Learning and Neural Networks. Cambridge University Press, Cambridge, UK},
  pages={63--92},
  year={1998}
  }


@article{wright1999numerical,
  title={Numerical optimization},
  author={Wright, Stephen and Nocedal, Jorge},
  journal={Springer Science},
  volume={35},
  pages={67--68},
  year={1999}
}

@book{bertsekas1999nonlinear,
  title={Nonlinear programming},
  author={Bertsekas, Dimitri P},
  year={1999},
  publisher={Athena scientific Belmont}
}  

@book{ermoliev1988numerical,
  title={Numerical techniques for stochastic optimization},
  author={Ermoliev, Yu M and Wets, RJ-B},
  year={1988},
  publisher={Springer-Verlag}
}

  
  
 @article{bottou2016optimization,
  title={Optimization methods for large-scale machine learning},
  author={Bottou, L{\'e}on and Curtis, Frank E and Nocedal, Jorge},
  journal={arXiv preprint arXiv:1606.04838},
  year={2016}
}
@article{bubeck2011introduction,
  title={Introduction to online optimization},
  author={Bubeck, S{\'e}bastien},
  journal={Lecture Notes},
  pages={1--86},
  year={2011}
}
  
  @inproceedings{blum1999beating,
  title={Beating the hold-out: Bounds for k-fold and progressive cross-validation},
  author={Blum, Avrim and Kalai, Adam and Langford, John},
  booktitle={Proceedings of the twelfth annual conference on Computational learning theory},
  pages={203--208},
  year={1999},
  organization={ACM}
}


@article{sielken1973stopping,
  title={Stopping times for stochastic approximation procedures},
  author={Sielken, Robert L},
  journal={Probability Theory and Related Fields},
  volume={26},
  number={1},
  pages={67--75},
  year={1973},
  publisher={Springer}
}

@article{pflug1988,
  title={Stepsize rules, stopping times and their implementation in stochastic quasigradient algorithms},
  author={Pflug, G Ch},
  journal={numerical techniques for stochastic optimization},
  pages={353--372},
  year={1988},
  publisher={New York: Springer-Verlag}
}

@article{said1984,
  title={Testing for unit roots in autoregressive-moving average models of unknown order},
  author={Said, Said E and Dickey, David A},
  journal={Biometrika},
  volume={71},
  number={3},
  pages={599--607},
  year={1984},
  publisher={Biometrika Trust}
}

@inproceedings{yin1989stopping,
  title={Stopping times for stochastic approximation.},
  author={Yin, George},
  booktitle={Modern Optimal Control: A Conference in Honor of Solomon Lefschetz and Joseph P. LaSalle},
  pages={409--420},
  year={1989}
}

@techreport{hutchison2003stopping,
  title={Stopping Stochastic Approximation},
  author={Hutchison, David W and Spall, James C},
  year={2003},
  institution={DTIC Document}
}
  
  @article{pflug1990non,
  title={Non-asymptotic confidence bounds for stochastic approximation algorithms with constant step size},
  author={Pflug, Georg Ch},
  journal={Monatshefte f{\"u}r Mathematik},
  volume={110},
  number={3},
  pages={297--314},
  year={1990},
  publisher={Springer}
}

@article{pflug1992gradient,
  title={Gradient estimates for the performance of Markov chains and discrete event processes},
  author={Pflug, G Ch},
  journal={Annals of Operations Research},
  volume={39},
  number={1},
  pages={173--194},
  year={1992},
  publisher={Springer}
}
  
  @inproceedings{needell2014stochastic,
  title={Stochastic gradient descent, weighted sampling, and the randomized kaczmarz algorithm},
  author={Needell, Deanna and Ward, Rachel and Srebro, Nati},
  booktitle={Advances in Neural Information Processing Systems},
  pages={1017--1025},
  year={2014}
}
  
 @inproceedings{reddi2015varinace,
  title={On Variance Reduction in Stochastic Gradient
Descent and its Asynchronous Variants},
  author={Reddi J. Sashank, Hefny Ahmed, Sra Suvrit, Poczos Barnabas, Smoda Alex},
  booktitle={Advances in Neural Information Processing Systems},
  year={2015}
}
  




@inproceedings{nitanda2014stochastic,
  title={Stochastic proximal gradient descent with acceleration techniques},
  author={Nitanda, Atsushi},
  booktitle={Advances in Neural Information Processing Systems},
  pages={1574--1582},
  year={2014}
}


@inproceedings{johnson2013accelerating,
  title={Accelerating stochastic gradient descent using predictive variance reduction},
  author={Johnson, Rie and Zhang, Tong},
  booktitle={Advances in Neural Information Processing Systems},
  pages={315--323},
  year={2013}
}

%@incollection{bottou2010large,
%  title={Large-scale machine learning with stochastic gradient descent},
%  author={Bottou, L{\'e}on},
%  booktitle={Proceedings of COMPSTAT'2010},
%  pages={177--186},
%  year={2010},
%  publisher={Springer}
%}


 @inproceedings{shamir2013stochastic,
  title={Stochastic Gradient Descent for Non-smooth Optimization: Convergence Results and Optimal Averaging Schemes.},
  author={Shamir, Ohad and Zhang, Tong},
  booktitle={ICML (1)},
  pages={71--79},
  year={2013}
}

@inproceedings{toulis2016towards,
  title={Towards stability and optimality in stochastic gradient descent},
  author={Toulis, Panos and Tran, Dustin and Airoldi, Edo},
  booktitle={Artificial Intelligence and Statistics},
  pages={1290--1298},
  year={2016}
}

@article{fabian1968asymptotic,
  title={On asymptotic normality in stochastic approximation},
  author={Fabian, Vaclav},
  journal={The Annals of Mathematical Statistics},
  pages={1327--1332},
  year={1968},
  publisher={JSTOR}
}

@article{polyak1992accel,
  title={Acceleration of stochastic approximation by averaging},
  author={Polyak, B. T. and Juditsky, A. B.},
  journal={Siam J. Control and Optimization},
  volume={30},
  number={4},
  pages={838--855},
  year={1992},
}


@article{mccullagh1984generalized,
  title={Generalized linear models},
  author={McCullagh, Peter},
  journal={European Journal of Operational Research},
  volume={16},
  number={3},
  pages={285--292},
  year={1984},
  publisher={Elsevier}
}

% Accelerated Methods
@article{kesten1958accel,
  title={Accelerated stochastic approximation},
  author={Kesten, Harry},
  journal={The Annals of Mathematical Statistics},
  volume={29},
  number={1},
  pages={41-59},
  year={1958},
  publisher={Institute of Mathematical Statistics}
}

@article{delyon1993accel,
  title={Accelerated stochastic approximation},
  author={Delyon, Bernard and Juditsky, Anatoli},
  journal={SIAM J. Optimization},
  volume={3},
  number={4},
  pages={868-881},
  year={1993},
  publisher={Society fo Industrial and Applied Mathematics}
}

@inproceedings{roux2009accel,
  title={A Stochastic Gradient Method with an Exponential Convergence Rate for Finite Training Sets},
  author={Roux, Nicolas Le and Schmidt, Mark and Bach, Francis},
  booktitle={Advances in Neural Information Processing Systems},
pages = {2663--2671},
year = {2012}
}


@unpublished{matteo2019JSM,
title= {Data-Adaptive Learning Rate Selection for Stochastic Gradient Descent Using Convergence Diagnostic},
author = {Sordello, Matteo and Su, Weijie},
year = {2019},
note= {Joint Statistics Meeting},
URL= {https://ww2.amstat.org/meetings/jsm/2019/onlineprogram/AbstractDetails.cfm?abstractid=300067},
}

@article{yuxin2018phaseret,
  title={Gradient Descent with Random Initialization: Fast Global Convergence for Nonconvex Phase Retrieval},
  author={Chen, Yuxin and Chi, Yuejie and Fan, Jianqing and Ma, Cong},
  journal={Mathematical Programming},
  volume={176},
  number={1-2},
  pages={5-37},
  year={2018},
  publisher={Springer}
}

@article{su2018higrad,
  title={Uncertainty Quantification for Online Learning and Stochastic
Approximation via Hierarchical Incremental Gradient Descent
  },
  author={Su, Weijie J. and Zhu, Yuancheng
  },
  journal={arXiv preprint arXiv:1802.04876
  },
  year={2018}
}

@inproceedings{kakade2019step,
  title={The Step Decay Schedule:
A Near Optimal, Geometrically Decaying Learning Rate Procedure},
  author={Ge, Rong and Kakade, Sham M. and Kidambi, Rahul and Netrapalli, Praneeth},
  booktitle={Advances in Neural Information Processing Systems},
year = {2019}
}

@inproceedings{xiao2019auto,
  title={Using Statistics to Automate Stochastic Optimization},
  author={Lang, Hunter and Zhang, Pengchuan and Xiao, Lin},
  booktitle={Advances in Neural Information Processing Systems},
year = {2019}
}

@inproceedings{he2016resnet,
  title={Deep Residual Learning for Image Recognition},
  author={He, Kaiming and Zhang, Xiangyu and Ren, Shaoqing and Sun, Jian},
  booktitle={Computer Vision and Pattern Recognition},
  year = {2016}
}

@inproceedings{alex2012net,
  title={ImageNet Classification with Deep Convolutional
Neural Networks},
  author={Krizhevsky, Alex and Sutskever, Ilya and Hinton, Geoffrey E.},
  booktitle={Advances in Neural Information Processing Systems},
  year = {2012}
}

@article{bach2018const,
  title={Bridging the Gap between Constant Step Size Stochastic
Gradient Descent and Markov Chains
  },
  author={Dieuleveut, Aymeric and Durmus, Alain and Bach, Francis
  },
  journal={arXiv preprint arXiv:1707.06386
  },
  year={2018}
}

@inproceedings{yaida2019stat,
  title={FLUCTUATION-DISSIPATION RELATIONS FOR STOCHASTIC GRADIENT DESCENT},
  author={Yaida, Sho},
  booktitle={International Conference on Learning Representations},
  year = {2019}
}

@inproceedings{ba2015adam,
  title={ADAM: A METHOD FOR STOCHASTIC OPTIMIZATION},
  author={Kingma, Diederik P. and Ba, Jimmy Lei},
  booktitle={International Conference on Learning Representations},
  year = {2015}
}

@inproceedings{loizou2017sgdm,
  author    = {Loizou, Nicolas and Richtarik, Peter},
  title     = {Momentum and Stochastic Momentum for Stochastic Gradient,
Newton, Proximal Point and Subspace Descent Methods},
  year      = {2017},
  maintitle = {Advances in Neural Information Processing Systems},
  booktitle = {Workshop on Optimization for Machine Learning},
}