%% This BibTeX bibliography file was created using BibDesk.
%% https://bibdesk.sourceforge.io/

%% Created for Wai Hoi To at 2019-05-21 14:56:23 +0200 


%% Saved with string encoding Unicode (UTF-8) 

@article{guo2017calibration,
  title={On calibration of modern neural networks},
  author={Guo, Chuan and Pleiss, Geoff and Sun, Yu and Weinberger, Kilian Q},
  journal={arXiv preprint arXiv:1706.04599},
  year={2017}
}
@book{neal2012bayesian,
	Author = {Neal, Radford M},
	Date-Added = {2019-05-13 16:58:30 +0800},
	Date-Modified = {2019-05-13 16:58:30 +0800},
	Publisher = {Springer Science \& Business Media},
	Title = {Bayesian learning for neural networks},
	Volume = {118},
	Year = {2012}}

@inproceedings{kendall2017uncertainties,
  title={What uncertainties do we need in bayesian deep learning for computer vision?},
  author={Kendall, Alex and Gal, Yarin},
  booktitle={Advances in neural information processing systems},
  pages={5574--5584},
  year={2017}
}

@article{blundell2015weight,
  title={Weight uncertainty in neural networks},
  author={Blundell, Charles and Cornebise, Julien and Kavukcuoglu, Koray and Wierstra, Daan},
  journal={arXiv preprint arXiv:1505.05424},
  year={2015}
}

@inproceedings{kingma2015variational,
  title={Variational dropout and the local reparameterization trick},
  author={Kingma, Durk P and Salimans, Tim and Welling, Max},
  booktitle={Advances in neural information processing systems},
  pages={2575--2583},
  year={2015}
}

@inproceedings{graves2011practical,
  title={Practical variational inference for neural networks},
  author={Graves, Alex},
  booktitle={Advances in neural information processing systems},
  pages={2348--2356},
  year={2011}
}

@article{hoffman2013stochastic,
  title={Stochastic variational inference},
  author={Hoffman, Matthew D and Blei, David M and Wang, Chong and Paisley, John},
  journal={The Journal of Machine Learning Research},
  volume={14},
  number={1},
  pages={1303--1347},
  year={2013},
  publisher={JMLR. org}
}

@inproceedings{hinton1993keeping,
  title={Keeping the neural networks simple by minimizing the description length of the weights},
  author={Hinton, Geoffrey E and Van Camp, Drew},
  booktitle={Proceedings of the sixth annual conference on Computational learning theory},
  pages={5--13},
  year={1993}
}


@article{polyak1992acceleration,
  title={Acceleration of stochastic approximation by averaging},
  author={Polyak, Boris T and Juditsky, Anatoli B},
  journal={SIAM journal on control and optimization},
  volume={30},
  number={4},
  pages={838--855},
  year={1992},
  publisher={SIAM}
}

@inproceedings{he2019asymmetric,
  title={Asymmetric valleys: Beyond sharp and flat local minima},
  author={He, Haowei and Huang, Gao and Yuan, Yang},
  booktitle={Advances in Neural Information Processing Systems},
  pages={2553--2564},
  year={2019}
}

@article{keskar2016large,
  title={On large-batch training for deep learning: Generalization gap and sharp minima},
  author={Keskar, Nitish Shirish and Mudigere, Dheevatsa and Nocedal, Jorge and Smelyanskiy, Mikhail and Tang, Ping Tak Peter},
  journal={arXiv preprint arXiv:1609.04836},
  year={2016}
}

@article{izmailov2018averaging,
  title={Averaging weights leads to wider optima and better generalization},
  author={Izmailov, Pavel and Podoprikhin, Dmitrii and Garipov, Timur and Vetrov, Dmitry and Wilson, Andrew Gordon},
  journal={arXiv preprint arXiv:1803.05407},
  year={2018}
}