@inproceedings{mcmahan2017communication,
  title={Communication-efficient learning of deep networks from decentralized data},
  author={McMahan, Brendan and Moore, Eider and Ramage, Daniel and Hampson, Seth and y Arcas, Blaise Aguera},
  booktitle={Artificial Intelligence and Statistics},
  pages={1273--1282},
  year={2017},
  organization={PMLR}
}


@article{konevcny2016federated,
  title={Federated learning: Strategies for improving communication efficiency},
  author={Kone{\v{c}}n{\`y}, Jakub and McMahan, H Brendan and Yu, Felix X and Richt{\'a}rik, Peter and Suresh, Ananda Theertha and Bacon, Dave},
  journal={arXiv preprint arXiv:1610.05492},
  year={2016}
}

@article{lin2017deep,
  title={Deep gradient compression: Reducing the communication bandwidth for distributed training},
  author={Lin, Yujun and Han, Song and Mao, Huizi and Wang, Yu and Dally, William J},
  journal={arXiv preprint arXiv:1712.01887},
  year={2017}
}

@inproceedings{alistarh2017qsgd,
  title={QSGD: Communication-efficient SGD via gradient quantization and encoding},
  author={Alistarh, Dan and Grubic, Demjan and Li, Jerry and Tomioka, Ryota and Vojnovic, Milan},
  booktitle={Advances in Neural Information Processing Systems},
  pages={1709--1720},
  year={2017}
}

@inproceedings{wangni2018gradient,
  title={Gradient sparsification for communication-efficient distributed optimization},
  author={Wangni, Jianqiao and Wang, Jialei and Liu, Ji and Zhang, Tong},
  booktitle={Advances in Neural Information Processing Systems},
  pages={1299--1309},
  year={2018}
}

@inproceedings{chen2020toward,
  title={Toward Communication Efficient Adaptive Gradient Method},
  author={Chen, Xiangyi and Li, Xiaoyun and Li, Ping},
  booktitle={ACM-IMS Foundations of Data Science Conference (FODS)},
  address  = {Seattle, WA},
  year={2020}
}

@article{you2019large,
  title={Large batch optimization for deep learning: Training bert in 76 minutes},
  author={You, Yang and Li, Jing and Reddi, Sashank and Hseu, Jonathan and Kumar, Sanjiv and Bhojanapalli, Srinadh and Song, Xiaodan and Demmel, James and Keutzer, Kurt and Hsieh, Cho-Jui},
  journal={arXiv preprint arXiv:1904.00962},
  year={2019}
}

@article{karimireddy2019error,
  title={Error feedback fixes signsgd and other gradient compression schemes},
  author={Karimireddy, Sai Praneeth and Rebjock, Quentin and Stich, Sebastian U and Jaggi, Martin},
  journal={arXiv preprint arXiv:1901.09847},
  year={2019}
}

@inproceedings{shi2019convergence,
  title={A Convergence Analysis of Distributed SGD with Communication-Efficient Gradient Sparsification.},
  author={Shi, Shaohuai and Zhao, Kaiyong and Wang, Qiang and Tang, Zhenheng and Chu, Xiaowen},
  booktitle={IJCAI},
  pages={3411--3417},
  year={2019}
}

@inproceedings{stich2018sparsified,
  title={Sparsified SGD with memory},
  author={Stich, Sebastian U and Cordonnier, Jean-Baptiste and Jaggi, Martin},
  booktitle={Advances in Neural Information Processing Systems},
  pages={4447--4458},
  year={2018}
}