@inproceedings{langley00,
 author    = {P. Langley},
 title     = {Crafting Papers on Machine Learning},
 year      = {2000},
 pages     = {1207--1216},
 editor    = {Pat Langley},
 booktitle     = {Proceedings of the 17th International Conference
              on Machine Learning (ICML 2000)},
 address   = {Stanford, CA},
 publisher = {Morgan Kaufmann}
}

%%%%%%%%%%%%%%%%%%%%%%%%%%%%%%%%%%%%%%%%%%%%%%%%

@article{rezende2015variational,
  title={Variational inference with normalizing flows},
  author={Rezende, Danilo Jimenez and Mohamed, Shakir},
  journal={arXiv preprint arXiv:1505.05770},
  year={2015}
}

@article{Dinh2016DensityEU,
  title={Density estimation using Real NVP},
  author={Laurent Dinh and Jascha Sohl-Dickstein and Samy Bengio},
  journal={ArXiv},
  year={2016},
  volume={abs/1605.08803}
}

@InProceedings{Khemakhem20a,
  title = 	 {Variational Autoencoders and Nonlinear ICA: A Unifying Framework},
  author =       {Khemakhem, Ilyes and Kingma, Diederik and Monti, Ricardo and Hyvarinen, Aapo},
  pages = 	 {2207--2217},
  year = 	 {2020},
  editor = 	 {Silvia Chiappa and Roberto Calandra},
  volume = 	 {108},
  series = 	 {Proceedings of Machine Learning Research},
  address = 	 {Online},
  month = 	 {26--28 Aug},
  publisher =    {PMLR}
}


@inproceedings{Sorrenson2020,
  title={Disentanglement by Nonlinear ICA with General Incompressible-flow Networks (GIN)},
  author={Peter Sorrenson and  Carsten Rother and Ullrich K{\" o}the},
  booktitle={Ninth International Conference on Learning Representations},
  year={2020}
}

@inproceedings{Glorot2011DomainAF,
  title={Domain Adaptation for Large-Scale Sentiment Classification: A Deep Learning Approach},
  author={Xavier Glorot and Antoine Bordes and Yoshua Bengio},
  booktitle={ICML},
  year={2011}
}

@conference{Higgins17,
	Author = {Irina Higgins and Loic Matthey and Arka Pal and Christopher Burgess and Xavier Glorot and Matthew Botvinick and Shakir Mohamed and Alexander Lerchner},
	Booktitle = {ICLR},
	Title = {beta-VAE: Learning Basic Visual Concepts with a Constrained Variational Framework},
	Year = {2017}}


@conference{Kim18,
	Author = {Hyunjik Kim and Andriy Mnih},
	Booktitle = {ICML},
	Title = {Disentangling by Factorising},
	Year = {2018}}
 
@misc{chsklearn,
  title = {California Housing on Sklearn},
  howpublished = {\url{https://scikit-learn.org/stable/modules/generated/sklearn.datasets.fetch_california_housing.html}} 
}

@Inbook{Article:Krantz_2008,
author = {Steven Krantz and Harold Parks},
title="Analytical Tools: The Area Formula, the Coarea Formula, and Poincar{\'e} Inequalities.",
bookTitle="Geometric Integration Theory",
year="2008",
publisher="Birkh{\"a}user Boston",
address="Boston",
pages="1--33"
}

@book{Book:Hanson_1994,
title={Graphics gems iv. chapter Geometry for N-dimensional Graphics},
author={Andrew J. Hanson},
year={1994},
publisher={Academic Press Professional, Inc}
}

 
@article{lecunmnist2010,
  author = {Yann LeCun and Corinna Cortes},
  howpublished = {http://yann.lecun.com/exdb/mnist/},
  keywords = {MSc checked character_recognition mnist network neural},
  timestamp = {2016-07-12T19:25:30.000+0200},
  title = {{MNIST} handwritten digit database},
  url = {http://yann.lecun.com/exdb/mnist/},
  username = {mhwombat},
  year = {2010}
}




@conference{Chen18,
	Author = {Ricky T. Q. Chen and Xuechen Li and Roger Grosse and David Duvenaud},
	Booktitle = {NeurIPS},
	Title = {Isolating Sources of Disentanglement in VAEs},
	Year = {2018}}


@inproceedings{Karaletsos2015BayesianRL,
  title={Bayesian representation learning with oracle constraints},
  author={Theofanis Karaletsos and Serge J. Belongie and Gunnar Ratsch},
  booktitle={ICLR 2016},
  year={2015}
}


@conference{Eastwood18,
	Author = {Cian Eastwood and Christopher K. I. Williams },
	Booktitle = {ICLR},
	Title = {A framework for the quantitative evaluation of disentangled representations},
	Year = {2018}}


@article{dinh2014nice,
  title={Nice: Non-linear independent components estimation},
  author={Dinh, Laurent and Krueger, David and Bengio, Yoshua},
  journal={arXiv preprint arXiv:1410.8516},
  year={2014}
}

@misc{Dua:2019 ,
author = "Dua, Dheeru and Graff, Casey",
year = "2017",
title = "{UCI} Machine Learning Repository",
url = "http://archive.ics.uci.edu/ml",
institution = "University of California, Irvine, School of Information and Computer Sciences" }

@article{kingma2013auto,
  title={Auto-encoding variational bayes},
  author={Kingma, Diederik P and Welling, Max},
  journal={arXiv preprint arXiv:1312.6114},
  year={2013}
}

@article{kingma2016improving,
  title={Improving variational inference with inverse autoregressive flow},
  author={Kingma, Diederik P and Salimans, Tim and Jozefowicz, Rafal and Chen, Xi and Sutskever, Ilya and Welling, Max},
  journal={arXiv preprint arXiv:1606.04934},
  year={2016}
}


@inproceedings{kingma2018glow,
  title={Glow: Generative flow with invertible 1x1 convolutions},
  author={Kingma, Durk P and Dhariwal, Prafulla},
  booktitle={Advances in Neural Information Processing Systems},
  pages={10215--10224},
  year={2018}
}

@inproceedings{bishop2003vibes,
  title={VIBES: A variational inference engine for Bayesian networks},
  author={Bishop, Christopher M and Spiegelhalter, David and Winn, John},
  booktitle={Advances in neural information processing systems},
  pages={793--800},
  year={2003}
}

@article{berg2018sylvester,
  title={Sylvester normalizing flows for variational inference},
  author={Berg, Rianne van den and Hasenclever, Leonard and Tomczak, Jakub M and Welling, Max},
  journal={arXiv preprint arXiv:1803.05649},
  year={2018}
}

@inproceedings{kingma2016improved,
  title={Improved variational inference with inverse autoregressive flow},
  author={Kingma, Durk P and Salimans, Tim and Jozefowicz, Rafal and Chen, Xi and Sutskever, Ilya and Welling, Max},
  booktitle={Advances in neural information processing systems},
  pages={4743--4751},
  year={2016}
}

@article{madigan1995bayesian,
  title={Bayesian graphical models for discrete data},
  author={Madigan, David and York, Jeremy and Allard, Denis},
  journal={International Statistical Review/Revue Internationale de Statistique},
  pages={215--232},
  year={1995},
  publisher={JSTOR}
}

@article{hruschka2007bayesian,
  title={Bayesian networks for imputation in classification problems},
  author={Hruschka, Estevam R and Hruschka, Eduardo R and Ebecken, Nelson FF},
  journal={Journal of Intelligent Information Systems},
  volume={29},
  number={3},
  pages={231--252},
  year={2007},
  publisher={Springer}
}

@inproceedings{liu2016stein,
  title={Stein variational gradient descent: A general purpose bayesian inference algorithm},
  author={Liu, Qiang and Wang, Dilin},
  booktitle={Advances in neural information processing systems},
  pages={2378--2386},
  year={2016}
}

@article{maaten2008visualizing,
  title={Visualizing data using t-SNE},
  author={Maaten, Laurens van der and Hinton, Geoffrey},
  journal={Journal of machine learning research},
  volume={9},
  number={Nov},
  pages={2579--2605},
  year={2008}
}


@inproceedings{salimans2015markov,
  title={Markov chain monte carlo and variational inference: Bridging the gap},
  author={Salimans, Tim and Kingma, Diederik and Welling, Max},
  booktitle={International Conference on Machine Learning},
  pages={1218--1226},
  year={2015}
}

@article{jordan1999introduction,
  title={An introduction to variational methods for graphical models},
  author={Jordan, Michael I and Ghahramani, Zoubin and Jaakkola, Tommi S and Saul, Lawrence K},
  journal={Machine learning},
  volume={37},
  number={2},
  pages={183--233},
  year={1999},
  publisher={Springer}
}

@article{kahle2008junction,
  title={Junction tree algorithm},
  author={Kahle, David and Savitsky, Terrance and Schnelle, Stephen and Cevher, Volkan},
  journal={Stat},
  volume={631},
  year={2008}
}

@inproceedings{wainwright2003variational,
  title={Variational inference in graphical models: The view from the marginal polytope},
  author={Wainwright, Martin J and Jordan, Michael I},
  booktitle={proceedings of the annual Allerton conference on communication control and computing},
  volume={41},
  number={2},
  pages={961--971},
  year={2003},
  organization={The University; 1998}
}

@article{winn2005variational,
  title={Variational message passing},
  author={Winn, John and Bishop, Christopher M},
  journal={Journal of Machine Learning Research},
  volume={6},
  number={Apr},
  pages={661--694},
  year={2005}
}


@book{jordan1999graphical,
editor = {Jordan, Michael I.},
title = {Learning in Graphical Models},
year = {1999},
isbn = {0262600323},
publisher = {MIT Press},
address = {Cambridge, MA, USA}
}


@article{jordan2004graphical,
  title={Graphical models},
  author={Jordan, Michael I and others},
  journal={Statistical science},
  volume={19},
  number={1},
  pages={140--155},
  year={2004},
  publisher={Institute of Mathematical Statistics}
}

@article{koller2007graphical,
  title={Graphical models in a nutshell},
  author={Koller, Daphne and Friedman, Nir and Getoor, Lise and Taskar, Ben},
  journal={Introduction to statistical relational learning},
  volume={43},
  year={2007},
  publisher={MIT press Cambridge, MA}
}

@article{theis2015note,
  title={A note on the evaluation of generative models},
  author={Theis, Lucas and Oord, A{\"a}ron van den and Bethge, Matthias},
  journal={arXiv preprint arXiv:1511.01844},
  year={2015}
}


@article{xing2012generalized,
  title={A generalized mean field algorithm for variational inference in exponential families},
  author={Xing, Eric P and Jordan, Michael I and Russell, Stuart},
  journal={arXiv preprint arXiv:1212.2512},
  year={2012}
}

@inproceedings{sanner2012symbolic,
  title={Symbolic variable elimination for discrete and continuous graphical models},
  author={Sanner, Scott and Abbasnejad, Ehsan},
  booktitle={Twenty-Sixth AAAI Conference on Artificial Intelligence},
  year={2012}
}

@inproceedings{shwe1990probabilistic,
  title={A probabilistic reformulation of the Quick Medical Reference System},
  author={Shwe, Michael and Middleton, Blackford and Heckerman, David and Henrion, Max and Horvitz, Eric and Lehmann, Harold and Cooper, Gregory},
  booktitle={Proceedings of the Annual Symposium on Computer Application in Medical Care},
  pages={790},
  year={1990},
  organization={American Medical Informatics Association}
}

@article{bilmes2005graphical,
  title={Graphical model architectures for speech recognition},
  author={Bilmes, Jeff A and Bartels, Chris},
  journal={IEEE signal processing magazine},
  volume={22},
  number={5},
  pages={89--100},
  year={2005},
  publisher={IEEE}
}

@article{scikit-learn,
 title={Scikit-learn: Machine Learning in {P}ython},
 author={Pedregosa, F. and Varoquaux, G. and Gramfort, A. and Michel, V.
         and Thirion, B. and Grisel, O. and Blondel, M. and Prettenhofer, P.
         and Weiss, R. and Dubourg, V. and Vanderplas, J. and Passos, A. and
         Cournapeau, D. and Brucher, M. and Perrot, M. and Duchesnay, E.},
 journal={Journal of Machine Learning Research},
 volume={12},
 pages={2825--2830},
 year={2011}
}

@article{hoffman2013stochastic,
  title={Stochastic variational inference},
  author={Hoffman, Matthew D and Blei, David M and Wang, Chong and Paisley, John},
  journal={The Journal of Machine Learning Research},
  volume={14},
  number={1},
  pages={1303--1347},
  year={2013},
  publisher={JMLR. org}
}

@article{bengio2013representation,
  title={Representation learning: A review and new perspectives},
  author={Bengio, Yoshua and Courville, Aaron and Vincent, Pascal},
  journal={IEEE transactions on pattern analysis and machine intelligence},
  volume={35},
  number={8},
  pages={1798--1828},
  year={2013},
  publisher={IEEE}
}

@inproceedings{de2020block,
  title={Block neural autoregressive flow},
  author={De Cao, Nicola and Aziz, Wilker and Titov, Ivan},
  booktitle={Uncertainty in Artificial Intelligence},
  pages={1263--1273},
  year={2020},
  organization={PMLR}
}

@article{ho2019flow++,
  title={Flow++: Improving flow-based generative models with variational dequantization and architecture design},
  author={Ho, Jonathan and Chen, Xi and Srinivas, Aravind and Duan, Yan and Abbeel, Pieter},
  journal={arXiv preprint arXiv:1902.00275},
  year={2019}
}




@article{papamakarios2019normalizing,
  title={Normalizing flows for probabilistic modeling and inference},
  author={Papamakarios, George and Nalisnick, Eric and Rezende, Danilo Jimenez and Mohamed, Shakir and Lakshminarayanan, Balaji},
  journal={arXiv preprint arXiv:1912.02762},
  year={2019}
}


@article{tabak2013family,
  title={A family of nonparametric density estimation algorithms},
  author={Tabak, Esteban G and Turner, Cristina V},
  journal={Communications on Pure and Applied Mathematics},
  volume={66},
  number={2},
  pages={145--164},
  year={2013},
  publisher={Wiley Online Library}
}

@article{tabak2010density,
  title={Density estimation by dual ascent of the log-likelihood},
  author={Tabak, Esteban G and Vanden-Eijnden, Eric and others},
  journal={Communications in Mathematical Sciences},
  volume={8},
  number={1},
  pages={217--233},
  year={2010},
  publisher={International Press of Boston}
}

@article{rippel2013high,
  title={High-dimensional probability estimation with deep density models},
  author={Rippel, Oren and Adams, Ryan Prescott},
  journal={arXiv preprint arXiv:1302.5125},
  year={2013}
}

@article{efron1975defining,
  title={Defining the curvature of a statistical problem (with applications to second order efficiency)},
  author={Efron, Bradley and others},
  journal={The Annals of Statistics},
  volume={3},
  number={6},
  pages={1189--1242},
  year={1975},
  publisher={Institute of Mathematical Statistics}
}


%%%%%%%%%%%%%%%%%%%%%%%%%%%%%%%%%%%%%%%%%%%%%%%%
@TechReport{mitchell80,
  author = 	 "T. M. Mitchell",
  title = 	 "The Need for Biases in Learning Generalizations",
  institution =  "Computer Science Department, Rutgers University",
  year = 	 "1980",
  address =	 "New Brunswick, MA",
}

@phdthesis{kearns89,
  author = {M. J. Kearns},
  title =  {Computational Complexity of Machine Learning},
  school = {Department of Computer Science, Harvard University},
  year =   {1989}
}

@Book{MachineLearningI,
  editor = 	 "R. S. Michalski and J. G. Carbonell and T.
		  M. Mitchell",
  title = 	 "Machine Learning: An Artificial Intelligence
		  Approach, Vol. I",
  publisher = 	 "Tioga",
  year = 	 "1983",
  address =	 "Palo Alto, CA"
}

@Book{DudaHart2nd,
  author =       "R. O. Duda and P. E. Hart and D. G. Stork",
  title =        "Pattern Classification",
  publisher =    "John Wiley and Sons",
  edition =      "2nd",
  year =         "2000"
}

@misc{anonymous,
  title= {Suppressed for Anonymity},
  author= {Author, N. N.},
  year= {2021}
}

@InCollection{Newell81,
  author =       "A. Newell and P. S. Rosenbloom",
  title =        "Mechanisms of Skill Acquisition and the Law of
                  Practice", 
  booktitle =    "Cognitive Skills and Their Acquisition",
  pages =        "1--51",
  publisher =    "Lawrence Erlbaum Associates, Inc.",
  year =         "1981",
  editor =       "J. R. Anderson",
  chapter =      "1",
  address =      "Hillsdale, NJ"
}


@Article{Samuel59,
  author = 	 "A. L. Samuel",
  title = 	 "Some Studies in Machine Learning Using the Game of
		  Checkers",
  journal =	 "IBM Journal of Research and Development",
  year =	 "1959",
  volume =	 "3",
  number =	 "3",
  pages =	 "211--229"
}
