@article{defossez2020convergence,
  title={On the Convergence of Adam and Adagrad},
  author={D{\'e}fossez, Alexandre and Bottou, L{\'e}on and Bach, Francis and Usunier, Nicolas},
  journal={arXiv preprint arXiv:2003.02395},
  year={2020}
}

@article{ghadimi2013stochastic,
	Author = {Ghadimi, Saeed and Lan, Guanghui},
	Date-Added = {2018-10-27 15:50:56 -0400},
	Date-Modified = {2018-10-27 15:50:56 -0400},
	Journal = {SIAM Journal on Optimization},
	Number = {4},
	Pages = {2341--2368},
	Publisher = {SIAM},
	Title = {Stochastic first-and zeroth-order methods for nonconvex stochastic programming},
	Volume = {23},
	Year = {2013}}

@article{yan2018unified,
  title={A unified analysis of stochastic momentum methods for deep learning},
  author={Yan, Yan and Yang, Tianbao and Li, Zhe and Lin, Qihang and Yang, Yi},
  journal={arXiv preprint arXiv:1808.10396},
  year={2018}
}

@article{zhou2018convergence,
  title={On the convergence of adaptive gradient methods for nonconvex optimization},
  author={Zhou, Dongruo and Tang, Yiqi and Yang, Ziyan and Cao, Yuan and Gu, Quanquan},
  journal={arXiv preprint arXiv:1808.05671},
  year={2018}
}