% Use this file for citations not found in the ACL Anthology (contained in "anthology.bib").

@inproceedings{DBLP:conf/nips/HudsonM19,
  author    = {Drew A. Hudson and
               Christopher D. Manning},
  title     = {Learning by Abstraction: The Neural State Machine},
  booktitle = {Advances in Neural Information Processing Systems 32: Annual Conference
               on Neural Information Processing Systems 2019, NeurIPS 2019, December
               8-14, 2019, Vancouver, BC, Canada},
  pages     = {5901--5914},
  year      = {2019},
  url       = {https://proceedings.neurips.cc/paper/2019/hash/c20a7ce2a627ba838cfbff082db35197-Abstract.html},
  timestamp = {Thu, 21 Jan 2021 15:15:19 +0100},
  biburl    = {https://dblp.org/rec/conf/nips/HudsonM19.bib},
  bibsource = {dblp computer science bibliography, https://dblp.org}
}

@article{DBLP:journals/corr/abs-2101-05479,
  author    = {Vinay Damodaran and
               Sharanya Chakravarthy and
               Akshay Kumar and
               Anjana Umapathy and
               Teruko Mitamura and
               Yuta Nakashima and
               Noa Garcia and
               Chenhui Chu},
  title     = {Understanding the Role of Scene Graphs in Visual Question Answering},
  journal   = {CoRR},
  volume    = {abs/2101.05479},
  year      = {2021},
  url       = {https://arxiv.org/abs/2101.05479},
  archivePrefix = {arXiv},
  eprint    = {2101.05479},
  timestamp = {Fri, 22 Jan 2021 15:16:00 +0100},
  biburl    = {https://dblp.org/rec/journals/corr/abs-2101-05479.bib},
  bibsource = {dblp computer science bibliography, https://dblp.org}
}

@inproceedings{DBLP:conf/eccv/YangLLBP18,
  author    = {Jianwei Yang and
               Jiasen Lu and
               Stefan Lee and
               Dhruv Batra and
               Devi Parikh},
  editor    = {Vittorio Ferrari and
               Martial Hebert and
               Cristian Sminchisescu and
               Yair Weiss},
  title     = {Graph {R-CNN} for Scene Graph Generation},
  booktitle = {Computer Vision - {ECCV} 2018 - 15th European Conference, Munich,
               Germany, September 8-14, 2018, Proceedings, Part {I}},
  series    = {Lecture Notes in Computer Science},
  volume    = {11205},
  pages     = {690--706},
  publisher = {Springer},
  year      = {2018},
  url       = {https://doi.org/10.1007/978-3-030-01246-5\_41},
  doi       = {10.1007/978-3-030-01246-5\_41},
  timestamp = {Tue, 14 May 2019 10:00:45 +0200},
  biburl    = {https://dblp.org/rec/conf/eccv/YangLLBP18.bib},
  bibsource = {dblp computer science bibliography, https://dblp.org}
}

@inproceedings{DBLP:conf/nips/WooKCK18,
  author    = {Sanghyun Woo and
               Dahun Kim and
               Donghyeon Cho and
               In So Kweon},
  editor    = {Samy Bengio and
               Hanna M. Wallach and
               Hugo Larochelle and
               Kristen Grauman and
               Nicol{\`{o}} Cesa{-}Bianchi and
               Roman Garnett},
  title     = {LinkNet: Relational Embedding for Scene Graph},
  booktitle = {Advances in Neural Information Processing Systems 31: Annual Conference
               on Neural Information Processing Systems 2018, NeurIPS 2018, December
               3-8, 2018, Montr{\'{e}}al, Canada},
  pages     = {558--568},
  year      = {2018},
  url       = {https://proceedings.neurips.cc/paper/2018/hash/58238e9ae2dd305d79c2ebc8c1883422-Abstract.html},
  timestamp = {Thu, 21 Jan 2021 15:15:20 +0100},
  biburl    = {https://dblp.org/rec/conf/nips/WooKCK18.bib},
  bibsource = {dblp computer science bibliography, https://dblp.org}
}

@inproceedings{DBLP:conf/cvpr/DaiZL17,
  author    = {Bo Dai and
               Yuqi Zhang and
               Dahua Lin},
  title     = {Detecting Visual Relationships with Deep Relational Networks},
  booktitle = {2017 {IEEE} Conference on Computer Vision and Pattern Recognition,
               {CVPR} 2017, Honolulu, HI, USA, July 21-26, 2017},
  pages     = {3298--3308},
  publisher = {{IEEE} Computer Society},
  year      = {2017},
  url       = {https://doi.org/10.1109/CVPR.2017.352},
  doi       = {10.1109/CVPR.2017.352},
  timestamp = {Sat, 19 Oct 2019 20:24:05 +0200},
  biburl    = {https://dblp.org/rec/conf/cvpr/DaiZL17.bib},
  bibsource = {dblp computer science bibliography, https://dblp.org}
}

@inproceedings{DBLP:conf/iccv/LiOZWW17,
  author    = {Yikang Li and
               Wanli Ouyang and
               Bolei Zhou and
               Kun Wang and
               Xiaogang Wang},
  title     = {Scene Graph Generation from Objects, Phrases and Region Captions},
  booktitle = {{IEEE} International Conference on Computer Vision, {ICCV} 2017, Venice,
               Italy, October 22-29, 2017},
  pages     = {1270--1279},
  year      = {2017},
  url       = {https://doi.org/10.1109/ICCV.2017.142},
  doi       = {10.1109/ICCV.2017.142},
  timestamp = {Mon, 22 Feb 2021 08:35:38 +0100},
  biburl    = {https://dblp.org/rec/conf/iccv/LiOZWW17.bib},
  bibsource = {dblp computer science bibliography, https://dblp.org}
}

@inproceedings{DBLP:conf/eccv/YinSLYWSL18,
  author    = {Guojun Yin and
               Lu Sheng and
               Bin Liu and
               Nenghai Yu and
               Xiaogang Wang and
               Jing Shao and
               Chen Change Loy},
  editor    = {Vittorio Ferrari and
               Martial Hebert and
               Cristian Sminchisescu and
               Yair Weiss},
  title     = {Zoom-Net: Mining Deep Feature Interactions for Visual Relationship
               Recognition},
  booktitle = {Computer Vision - {ECCV} 2018 - 15th European Conference, Munich,
               Germany, September 8-14, 2018, Proceedings, Part {III}},
  series    = {Lecture Notes in Computer Science},
  volume    = {11207},
  pages     = {330--347},
  publisher = {Springer},
  year      = {2018},
  url       = {https://doi.org/10.1007/978-3-030-01219-9\_20},
  doi       = {10.1007/978-3-030-01219-9\_20},
  timestamp = {Wed, 11 Dec 2019 09:14:40 +0100},
  biburl    = {https://dblp.org/rec/conf/eccv/YinSLYWSL18.bib},
  bibsource = {dblp computer science bibliography, https://dblp.org}
}

@inproceedings{DBLP:conf/cvpr/TangNHSZ20,
  author    = {Kaihua Tang and
               Yulei Niu and
               Jianqiang Huang and
               Jiaxin Shi and
               Hanwang Zhang},
  title     = {Unbiased Scene Graph Generation From Biased Training},
  booktitle = {2020 {IEEE/CVF} Conference on Computer Vision and Pattern Recognition,
               {CVPR} 2020, Seattle, WA, USA, June 13-19, 2020},
  pages     = {3713--3722},
  publisher = {{IEEE}},
  year      = {2020},
  url       = {https://doi.org/10.1109/CVPR42600.2020.00377},
  doi       = {10.1109/CVPR42600.2020.00377},
  timestamp = {Tue, 11 Aug 2020 16:59:49 +0200},
  biburl    = {https://dblp.org/rec/conf/cvpr/TangNHSZ20.bib},
  bibsource = {dblp computer science bibliography, https://dblp.org}
}

@proceedings{DBLP:conf/cvpr/2018,
  title     = {2018 {IEEE} Conference on Computer Vision and Pattern Recognition,
               {CVPR} 2018, Salt Lake City, UT, USA, June 18-22, 2018},
  publisher = {Computer Vision Foundation / {IEEE} Computer Society},
  year      = {2018},
  url       = {https://openaccess.thecvf.com/CVPR2018},
  timestamp = {Wed, 08 Sep 2021 19:06:47 +0200},
  biburl    = {https://dblp.org/rec/conf/cvpr/2018.bib},
  bibsource = {dblp computer science bibliography, https://dblp.org}
}

@inproceedings{DBLP:conf/nips/LuYBP16,
  author    = {Jiasen Lu and
               Jianwei Yang and
               Dhruv Batra and
               Devi Parikh},
  editor    = {Daniel D. Lee and
               Masashi Sugiyama and
               Ulrike von Luxburg and
               Isabelle Guyon and
               Roman Garnett},
  title     = {Hierarchical Question-Image Co-Attention for Visual Question Answering},
  booktitle = {Advances in Neural Information Processing Systems 29: Annual Conference
               on Neural Information Processing Systems 2016, December 5-10, 2016,
               Barcelona, Spain},
  pages     = {289--297},
  year      = {2016},
  url       = {https://proceedings.neurips.cc/paper/2016/hash/9dcb88e0137649590b755372b040afad-Abstract.html},
  timestamp = {Thu, 21 Jan 2021 15:15:21 +0100},
  biburl    = {https://dblp.org/rec/conf/nips/LuYBP16.bib},
  bibsource = {dblp computer science bibliography, https://dblp.org}
}

@inproceedings{DBLP:conf/iclr/HudsonM18,
  author    = {Drew A. Hudson and
               Christopher D. Manning},
  title     = {Compositional Attention Networks for Machine Reasoning},
  booktitle = {6th International Conference on Learning Representations, {ICLR} 2018,
               Vancouver, BC, Canada, April 30 - May 3, 2018, Conference Track Proceedings},
  year      = {2018},
  url       = {https://openreview.net/forum?id=S1Euwz-Rb},
  timestamp = {Thu, 25 Jul 2019 14:25:41 +0200},
  biburl    = {https://dblp.org/rec/conf/iclr/HudsonM18.bib},
  bibsource = {dblp computer science bibliography, https://dblp.org}
}

@inproceedings{DBLP:conf/aaai/LiDFGJ20,
  author    = {Gen Li and
               Nan Duan and
               Yuejian Fang and
               Ming Gong and
               Daxin Jiang},
  title     = {Unicoder-VL: {A} Universal Encoder for Vision and Language by Cross-Modal
               Pre-Training},
  booktitle = {The Thirty-Fourth {AAAI} Conference on Artificial Intelligence, {AAAI}
               2020, The Thirty-Second Innovative Applications of Artificial Intelligence
               Conference, {IAAI} 2020, The Tenth {AAAI} Symposium on Educational
               Advances in Artificial Intelligence, {EAAI} 2020, New York, NY, USA,
               February 7-12, 2020},
  pages     = {11336--11344},
  year      = {2020},
  url       = {https://aaai.org/ojs/index.php/AAAI/article/view/6795},
  timestamp = {Tue, 02 Feb 2021 08:00:12 +0100},
  biburl    = {https://dblp.org/rec/conf/aaai/LiDFGJ20.bib},
  bibsource = {dblp computer science bibliography, https://dblp.org}
}

@inproceedings{DBLP:conf/cvpr/XuZCF17,
  author    = {Danfei Xu and
               Yuke Zhu and
               Christopher B. Choy and
               Li Fei{-}Fei},
  title     = {Scene Graph Generation by Iterative Message Passing},
  booktitle = {2017 {IEEE} Conference on Computer Vision and Pattern Recognition,
               {CVPR} 2017, Honolulu, HI, USA, July 21-26, 2017},
  pages     = {3097--3106},
  publisher = {{IEEE} Computer Society},
  year      = {2017},
  url       = {https://doi.org/10.1109/CVPR.2017.330},
  doi       = {10.1109/CVPR.2017.330},
  timestamp = {Wed, 16 Oct 2019 14:14:50 +0200},
  biburl    = {https://dblp.org/rec/conf/cvpr/XuZCF17.bib},
  bibsource = {dblp computer science bibliography, https://dblp.org}
}

@inproceedings{DBLP:conf/cvpr/TangZWLL19,
  author    = {Kaihua Tang and
               Hanwang Zhang and
               Baoyuan Wu and
               Wenhan Luo and
               Wei Liu},
  title     = {Learning to Compose Dynamic Tree Structures for Visual Contexts},
  booktitle = {{IEEE} Conference on Computer Vision and Pattern Recognition, {CVPR}
               2019, Long Beach, CA, USA, June 16-20, 2019},
  pages     = {6619--6628},
  publisher = {Computer Vision Foundation / {IEEE}},
  year      = {2019},
  url       = {http://openaccess.thecvf.com/content\_CVPR\_2019/html/Tang\_Learning\_to\_Compose\_Dynamic\_Tree\_Structures\_for\_Visual\_Contexts\_CVPR\_2019\_paper.html},
  doi       = {10.1109/CVPR.2019.00678},
  timestamp = {Fri, 09 Apr 2021 18:48:30 +0200},
  biburl    = {https://dblp.org/rec/conf/cvpr/TangZWLL19.bib},
  bibsource = {dblp computer science bibliography, https://dblp.org}
}

@inproceedings{DBLP:conf/cvpr/ZellersYTC18,
  author    = {Rowan Zellers and
               Mark Yatskar and
               Sam Thomson and
               Yejin Choi},
  title     = {Neural Motifs: Scene Graph Parsing With Global Context},
  booktitle = {2018 {IEEE} Conference on Computer Vision and Pattern Recognition,
               {CVPR} 2018, Salt Lake City, UT, USA, June 18-22, 2018},
  pages     = {5831--5840},
  publisher = {{IEEE} Computer Society},
  year      = {2018},
  url       = {http://openaccess.thecvf.com/content\_cvpr\_2018/html/Zellers\_Neural\_Motifs\_Scene\_CVPR\_2018\_paper.html},
  doi       = {10.1109/CVPR.2018.00611},
  timestamp = {Wed, 16 Oct 2019 14:14:50 +0200},
  biburl    = {https://dblp.org/rec/conf/cvpr/ZellersYTC18.bib},
  bibsource = {dblp computer science bibliography, https://dblp.org}
}

@inproceedings{pennington-etal-2014-glove,
    title = "{G}lo{V}e: Global Vectors for Word Representation",
    author = "Pennington, Jeffrey  and
      Socher, Richard  and
      Manning, Christopher",
    booktitle = "Proceedings of the 2014 Conference on Empirical Methods in Natural Language Processing ({EMNLP})",
    month = oct,
    year = "2014",
    address = "Doha, Qatar",
    publisher = "Association for Computational Linguistics",
    url = "https://www.aclweb.org/anthology/D14-1162",
    doi = "10.3115/v1/D14-1162",
    pages = "1532--1543",
}

@inproceedings{inproceedings,
author = {Singh, Ajeet and Mishra, Anand and Shekhar, Shashank and Chakraborty, Anirban},
year = {2019},
month = {10},
pages = {4601-4611},
title = {From Strings to Things: Knowledge-Enabled VQA Model That Can Read and Reason},
doi = {10.1109/ICCV.2019.00470}
}

@inproceedings{DBLP:conf/iccv/LiGCL19,
  author    = {Linjie Li and
               Zhe Gan and
               Yu Cheng and
               Jingjing Liu},
  title     = {Relation-Aware Graph Attention Network for Visual Question Answering},
  booktitle = {2019 {IEEE/CVF} International Conference on Computer Vision, {ICCV}
               2019, Seoul, Korea (South), October 27 - November 2, 2019},
  pages     = {10312--10321},
  year      = {2019},
  url       = {https://doi.org/10.1109/ICCV.2019.01041},
  doi       = {10.1109/ICCV.2019.01041},
  timestamp = {Fri, 04 Sep 2020 16:10:16 +0200},
  biburl    = {https://dblp.org/rec/conf/iccv/LiGCL19.bib},
  bibsource = {dblp computer science bibliography, https://dblp.org}
}

@article{DBLP:journals/tnn/ScarselliGTHM09,
  author    = {Franco Scarselli and
               Marco Gori and
               Ah Chung Tsoi and
               Markus Hagenbuchner and
               Gabriele Monfardini},
  title     = {The Graph Neural Network Model},
  journal   = {{IEEE} Trans. Neural Networks},
  volume    = {20},
  number    = {1},
  pages     = {61--80},
  year      = {2009},
  url       = {https://doi.org/10.1109/TNN.2008.2005605},
  doi       = {10.1109/TNN.2008.2005605},
  timestamp = {Fri, 27 Mar 2020 08:39:15 +0100},
  biburl    = {https://dblp.org/rec/journals/tnn/ScarselliGTHM09.bib},
  bibsource = {dblp computer science bibliography, https://dblp.org}
}

@inproceedings{DBLP:conf/aaai/0001RFHLRG19,
  author    = {Christopher Morris and
               Martin Ritzert and
               Matthias Fey and
               William L. Hamilton and
               Jan Eric Lenssen and
               Gaurav Rattan and
               Martin Grohe},
  title     = {Weisfeiler and Leman Go Neural: Higher-Order Graph Neural Networks},
  booktitle = {The Thirty-Third {AAAI} Conference on Artificial Intelligence, {AAAI}
               2019, The Thirty-First Innovative Applications of Artificial Intelligence
               Conference, {IAAI} 2019, The Ninth {AAAI} Symposium on Educational
               Advances in Artificial Intelligence, {EAAI} 2019, Honolulu, Hawaii,
               USA, January 27 - February 1, 2019},
  pages     = {4602--4609},
  publisher = {{AAAI} Press},
  year      = {2019},
  url       = {https://doi.org/10.1609/aaai.v33i01.33014602},
  doi       = {10.1609/aaai.v33i01.33014602},
  timestamp = {Tue, 02 Feb 2021 08:00:20 +0100},
  biburl    = {https://dblp.org/rec/conf/aaai/0001RFHLRG19.bib},
  bibsource = {dblp computer science bibliography, https://dblp.org}
}



@inproceedings{DBLP:conf/aaai/LiuCLZLSQ19,
  author    = {Ziqi Liu and
               Chaochao Chen and
               Longfei Li and
               Jun Zhou and
               Xiaolong Li and
               Le Song and
               Yuan Qi},
  title     = {GeniePath: Graph Neural Networks with Adaptive Receptive Paths},
  booktitle = {The Thirty-Third {AAAI} Conference on Artificial Intelligence, {AAAI}
               2019, The Thirty-First Innovative Applications of Artificial Intelligence
               Conference, {IAAI} 2019, The Ninth {AAAI} Symposium on Educational
               Advances in Artificial Intelligence, {EAAI} 2019, Honolulu, Hawaii,
               USA, January 27 - February 1, 2019},
  pages     = {4424--4431},
  year      = {2019},
  url       = {https://doi.org/10.1609/aaai.v33i01.33014424},
  doi       = {10.1609/aaai.v33i01.33014424},
  timestamp = {Tue, 02 Feb 2021 08:00:30 +0100},
  biburl    = {https://dblp.org/rec/conf/aaai/LiuCLZLSQ19.bib},
  bibsource = {dblp computer science bibliography, https://dblp.org}
}


@inproceedings{DBLP:conf/iclr/KipfW17,
  author    = {Thomas N. Kipf and
               Max Welling},
  title     = {Semi-Supervised Classification with Graph Convolutional Networks},
  booktitle = {5th International Conference on Learning Representations, {ICLR} 2017,
               Toulon, France, April 24-26, 2017, Conference Track Proceedings},
  year      = {2017},
  url       = {https://openreview.net/forum?id=SJU4ayYgl},
  timestamp = {Thu, 25 Jul 2019 14:25:55 +0200},
  biburl    = {https://dblp.org/rec/conf/iclr/KipfW17.bib},
  bibsource = {dblp computer science bibliography, https://dblp.org}
}

@inproceedings{DBLP:conf/iclr/VelickovicCCRLB18,
  author    = {Petar Velickovic and
               Guillem Cucurull and
               Arantxa Casanova and
               Adriana Romero and
               Pietro Li{\`{o}} and
               Yoshua Bengio},
  title     = {Graph Attention Networks},
  booktitle = {6th International Conference on Learning Representations, {ICLR} 2018,
               Vancouver, BC, Canada, April 30 - May 3, 2018, Conference Track Proceedings},
  publisher = {OpenReview.net},
  year      = {2018},
  url       = {https://openreview.net/forum?id=rJXMpikCZ},
  timestamp = {Thu, 25 Jul 2019 14:25:41 +0200},
  biburl    = {https://dblp.org/rec/conf/iclr/VelickovicCCRLB18.bib},
  bibsource = {dblp computer science bibliography, https://dblp.org}
}

@inproceedings{DBLP:journals/corr/LiTBZ15,
  author    = {Yujia Li and
               Daniel Tarlow and
               Marc Brockschmidt and
               Richard S. Zemel},
  title     = {Gated Graph Sequence Neural Networks},
  booktitle = {4th International Conference on Learning Representations, {ICLR} 2016,
               San Juan, Puerto Rico, May 2-4, 2016, Conference Track Proceedings},
  year      = {2016},
  url       = {http://arxiv.org/abs/1511.05493},
  timestamp = {Thu, 25 Jul 2019 14:25:40 +0200},
  biburl    = {https://dblp.org/rec/journals/corr/LiTBZ15.bib},
  bibsource = {dblp computer science bibliography, https://dblp.org}
}

@inproceedings{DBLP:conf/aistats/SunL19,
  author    = {Mingming Sun and
               Ping Li},
  editor    = {Kamalika Chaudhuri and
               Masashi Sugiyama},
  title     = {Graph to Graph: a Topology Aware Approach for Graph Structures Learning
               and Generation},
  booktitle = {The 22nd International Conference on Artificial Intelligence and Statistics,
               {AISTATS} 2019, 16-18 April 2019, Naha, Okinawa, Japan},
  series    = {Proceedings of Machine Learning Research},
  volume    = {89},
  pages     = {2946--2955},
  publisher = {{PMLR}},
  year      = {2019},
  url       = {http://proceedings.mlr.press/v89/sun19c.html},
  timestamp = {Wed, 19 Jun 2019 14:20:08 +0200},
  biburl    = {https://dblp.org/rec/conf/aistats/SunL19.bib},
  bibsource = {dblp computer science bibliography, https://dblp.org}
}

@inproceedings{DBLP:conf/aaai/WangCGL18,
  author    = {Yuxuan Wang and
               Wanxiang Che and
               Jiang Guo and
               Ting Liu},
  editor    = {Sheila A. McIlraith and
               Kilian Q. Weinberger},
  title     = {A Neural Transition-Based Approach for Semantic Dependency Graph Parsing},
  booktitle = {Proceedings of the Thirty-Second {AAAI} Conference on Artificial Intelligence,
               (AAAI-18), the 30th innovative Applications of Artificial Intelligence
               (IAAI-18), and the 8th {AAAI} Symposium on Educational Advances in
               Artificial Intelligence (EAAI-18), New Orleans, Louisiana, USA, February
               2-7, 2018},
  pages     = {5561--5568},
  publisher = {{AAAI} Press},
  year      = {2018},
  url       = {https://www.aaai.org/ocs/index.php/AAAI/AAAI18/paper/view/16549},
  timestamp = {Thu, 18 Feb 2021 14:22:23 +0100},
  biburl    = {https://dblp.org/rec/conf/aaai/WangCGL18.bib},
  bibsource = {dblp computer science bibliography, https://dblp.org}
}
@inproceedings{DBLP:conf/cncl/WangGCL16,
  author    = {Yuxuan Wang and
               Jiang Guo and
               Wanxiang Che and
               Ting Liu},
  editor    = {Maosong Sun and
               Xuanjing Huang and
               Hongfei Lin and
               Zhiyuan Liu and
               Yang Liu},
  title     = {Transition-Based Chinese Semantic Dependency Graph Parsing},
  booktitle = {Chinese Computational Linguistics and Natural Language Processing
               Based on Naturally Annotated Big Data - 15th China National Conference,
               {CCL} 2016, and 4th International Symposium, {NLP-NABD} 2016, Yantai,
               China, October 15-16, 2016, Proceedings},
  series    = {Lecture Notes in Computer Science},
  volume    = {10035},
  pages     = {12--24},
  year      = {2016},
  url       = {https://doi.org/10.1007/978-3-319-47674-2\_2},
  doi       = {10.1007/978-3-319-47674-2\_2},
  timestamp = {Wed, 02 Sep 2020 16:33:16 +0200},
  biburl    = {https://dblp.org/rec/conf/cncl/WangGCL16.bib},
  bibsource = {dblp computer science bibliography, https://dblp.org}
}

@inproceedings{DBLP:conf/cvpr/FanZ18,
  author    = {Haoqi Fan and
               Jiatong Zhou},
  title     = {Stacked Latent Attention for Multimodal Reasoning},
  booktitle = {2018 {IEEE} Conference on Computer Vision and Pattern Recognition,
               {CVPR} 2018, Salt Lake City, UT, USA, June 18-22, 2018},
  pages     = {1072--1080},
  year      = {2018},
  url       = {http://openaccess.thecvf.com/content\_cvpr\_2018/html/Fan\_Stacked\_Latent\_Attention\_CVPR\_2018\_paper.html},
  doi       = {10.1109/CVPR.2018.00118},
  timestamp = {Tue, 31 Aug 2021 14:00:32 +0200},
  biburl    = {https://dblp.org/rec/conf/cvpr/FanZ18.bib},
  bibsource = {dblp computer science bibliography, https://dblp.org}
}

@inproceedings{DBLP:conf/eccv/XuS16,
  author    = {Huijuan Xu and
               Kate Saenko},
  editor    = {Bastian Leibe and
               Jiri Matas and
               Nicu Sebe and
               Max Welling},
  title     = {Ask, Attend and Answer: Exploring Question-Guided Spatial Attention
               for Visual Question Answering},
  booktitle = {Computer Vision - {ECCV} 2016 - 14th European Conference, Amsterdam,
               The Netherlands, 2016, Proceedings, Part {VII}},
  series    = {Lecture Notes in Computer Science},
  volume    = {9911},
  pages     = {451--466},
  publisher = {Springer},
  year      = {2016},
  url       = {https://doi.org/10.1007/978-3-319-46478-7\_28},
  doi       = {10.1007/978-3-319-46478-7\_28},
  timestamp = {Tue, 11 May 2021 12:16:39 +0200},
  biburl    = {https://dblp.org/rec/conf/eccv/XuS16.bib},
  bibsource = {dblp computer science bibliography, https://dblp.org}
}


@inproceedings{DBLP:conf/cvpr/PatroN18,
  author    = {Badri N. Patro and
               Vinay P. Namboodiri},
  title     = {Differential Attention for Visual Question Answering},
  booktitle = {2018 {IEEE} Conference on Computer Vision and Pattern Recognition,
               {CVPR} 2018, Salt Lake City, UT, USA, June 18-22, 2018},
  pages     = {7680--7688},
  publisher = {Computer Vision Foundation / {IEEE} Computer Society},
  year      = {2018},
  url       = {http://openaccess.thecvf.com/content\_cvpr\_2018/html/Patro\_Differential\_Attention\_for\_CVPR\_2018\_paper.html},
  doi       = {10.1109/CVPR.2018.00801},
  timestamp = {Tue, 31 Aug 2021 14:00:32 +0200},
  biburl    = {https://dblp.org/rec/conf/cvpr/PatroN18.bib},
  bibsource = {dblp computer science bibliography, https://dblp.org}
}

@inproceedings{DBLP:conf/cvpr/NamHK17,
  author    = {Hyeonseob Nam and
               Jung{-}Woo Ha and
               Jeonghee Kim},
  title     = {Dual Attention Networks for Multimodal Reasoning and Matching},
  booktitle = {2017 {IEEE} Conference on Computer Vision and Pattern Recognition,
               {CVPR} 2017, Honolulu, HI, USA, July 21-26, 2017},
  pages     = {2156--2164},
  publisher = {{IEEE} Computer Society},
  year      = {2017},
  url       = {https://doi.org/10.1109/CVPR.2017.232},
  doi       = {10.1109/CVPR.2017.232},
  timestamp = {Wed, 16 Oct 2019 14:14:50 +0200},
  biburl    = {https://dblp.org/rec/conf/cvpr/NamHK17.bib},
  bibsource = {dblp computer science bibliography, https://dblp.org}
}

@misc{tang2020sggcode,
title = {A Scene Graph Generation Codebase in PyTorch},
author = {Tang, Kaihua},
year = {2020},
note = {\url{https://github.com/KaihuaTang/Scene-Graph-Benchmark.pytorch}},
}

@inproceedings{DBLP:conf/ijcnn/LeLV020,
  author    = {Thao Minh Le and
               Vuong Le and
               Svetha Venkatesh and
               Truyen Tran},
  title     = {Neural Reasoning, Fast and Slow, for Video Question Answering},
  booktitle = {2020 International Joint Conference on Neural Networks, {IJCNN} 2020,
               Glasgow, United Kingdom, July 19-24, 2020},
  pages     = {1--8},
  year      = {2020},
  url       = {https://doi.org/10.1109/IJCNN48605.2020.9207580},
  doi       = {10.1109/IJCNN48605.2020.9207580},
  timestamp = {Fri, 09 Apr 2021 18:45:12 +0200},
  biburl    = {https://dblp.org/rec/conf/ijcnn/LeLV020.bib},
  bibsource = {dblp computer science bibliography, https://dblp.org}
}

@article{DBLP:journals/corr/abs-2007-01072,
  author    = {Marcel Hildebrandt and
               Hang Li and
               Rajat Koner and
               Volker Tresp and
               Stephan G{\"{u}}nnemann},
  title     = {Scene Graph Reasoning for Visual Question Answering},
  journal   = {CoRR},
  volume    = {abs/2007.01072},
  year      = {2020},
  url       = {https://arxiv.org/abs/2007.01072},
  archivePrefix = {arXiv},
  eprint    = {2007.01072},
  timestamp = {Mon, 06 Jul 2020 15:26:01 +0200},
  biburl    = {https://dblp.org/rec/journals/corr/abs-2007-01072.bib},
  bibsource = {dblp computer science bibliography, https://dblp.org}
}

@inproceedings{DBLP:conf/bmvc/ZhangCX19,
  author    = {Cheng Zhang and
               Wei{-}Lun Chao and
               Dong Xuan},
  title     = {An Empirical Study on Leveraging Scene Graphs for Visual Question
               Answering},
  booktitle = {30th British Machine Vision Conference 2019, {BMVC} 2019, Cardiff,
               UK, September 9-12, 2019},
  pages     = {288},
  publisher = {{BMVA} Press},
  year      = {2019},
  url       = {https://bmvc2019.org/wp-content/uploads/papers/0739-paper.pdf},
  timestamp = {Wed, 03 Feb 2021 08:36:18 +0100},
  biburl    = {https://dblp.org/rec/conf/bmvc/ZhangCX19.bib},
  bibsource = {dblp computer science bibliography, https://dblp.org}
}

@inproceedings{DBLP:conf/emnlp/ChenSCW20,
  author    = {Zhihong Chen and
               Yan Song and
               Tsung{-}Hui Chang and
               Xiang Wan},
  editor    = {Bonnie Webber and
               Trevor Cohn and
               Yulan He and
               Yang Liu},
  title     = {Generating Radiology Reports via Memory-driven Transformer},
  booktitle = {Proceedings of the 2020 Conference on Empirical Methods in Natural
               Language Processing, {EMNLP} 2020, Online, November 16-20, 2020},
  pages     = {1439--1449},
  publisher = {Association for Computational Linguistics},
  year      = {2020},
  url       = {https://doi.org/10.18653/v1/2020.emnlp-main.112},
  doi       = {10.18653/v1/2020.emnlp-main.112},
  timestamp = {Fri, 06 Aug 2021 00:40:24 +0200},
  biburl    = {https://dblp.org/rec/conf/emnlp/ChenSCW20.bib},
  bibsource = {dblp computer science bibliography, https://dblp.org}
}

@inproceedings{yang2020prior,
  title={Prior Visual Relationship Reasoning For Visual Question Answering},
  author={Yang, Zhuoqian and Qin, Zengchang and Yu, Jing and Wan, Tao},
  booktitle={2020 IEEE International Conference on Image Processing (ICIP)},
  pages={1411--1415},
  year={2020},
  organization={IEEE}
}

@inproceedings{johnson2015image,
  title={Image retrieval using scene graphs},
  author={Johnson, Justin and Krishna, Ranjay and Stark, Michael and Li, Li-Jia and Shamma, David and Bernstein, Michael and Fei-Fei, Li},
  booktitle={Proceedings of the IEEE conference on computer vision and pattern recognition},
  pages={3668--3678},
  year={2015}
}

@inproceedings{xu2019spatial,
  title={Spatial-aware graph relation network for large-scale object detection},
  author={Xu, Hang and Jiang, Chenhan and Liang, Xiaodan and Li, Zhenguo},
  booktitle={Proceedings of the IEEE/CVF Conference on Computer Vision and Pattern Recognition},
  pages={9298--9307},
  year={2019}
}

@inproceedings{DBLP:journals/corr/KingmaB14,
  author    = {Diederik P. Kingma and
               Jimmy Ba},
  editor    = {Yoshua Bengio and
               Yann LeCun},
  title     = {Adam: {A} Method for Stochastic Optimization},
  booktitle = {3rd International Conference on Learning Representations, {ICLR} 2015,
               San Diego, CA, USA, May 7-9, 2015, Conference Track Proceedings},
  year      = {2015},
  url       = {http://arxiv.org/abs/1412.6980},
  timestamp = {Thu, 25 Jul 2019 14:25:37 +0200},
  biburl    = {https://dblp.org/rec/journals/corr/KingmaB14.bib},
  bibsource = {dblp computer science bibliography, https://dblp.org}
}

@inproceedings{DBLP:conf/eccv/JabriJM16,
  author    = {Allan Jabri and
               Armand Joulin and
               Laurens van der Maaten},
  editor    = {Bastian Leibe and
               Jiri Matas and
               Nicu Sebe and
               Max Welling},
  title     = {Revisiting Visual Question Answering Baselines},
  booktitle = {Computer Vision - {ECCV} 2016},
  year      = {2016},
  url       = {https://doi.org/10.1007/978-3-319-46484-8\_44},
  doi       = {10.1007/978-3-319-46484-8\_44},
  timestamp = {Tue, 14 May 2019 10:00:45 +0200},
  biburl    = {https://dblp.org/rec/conf/eccv/JabriJM16.bib},
  bibsource = {dblp computer science bibliography, https://dblp.org}
}

@inproceedings{DBLP:conf/cvpr/HudsonM19,
  author    = {Drew A. Hudson and
               Christopher D. Manning},
  title     = {{GQA:} {A} New Dataset for Real-World Visual Reasoning and Compositional
               Question Answering},
  booktitle = {{IEEE} Conference on Computer Vision and Pattern Recognition, {CVPR}
               2019, Long Beach, CA, USA, June 16-20, 2019},
  pages     = {6700--6709},
  year      = {2019},
  url       = {http://openaccess.thecvf.com/content\_CVPR\_2019/html/Hudson\_GQA\_A\_New\_Dataset\_for\_Real-World\_Visual\_Reasoning\_and\_Compositional\_CVPR\_2019\_paper.html},
  doi       = {10.1109/CVPR.2019.00686},
  timestamp = {Mon, 30 Aug 2021 17:01:14 +0200},
  biburl    = {https://dblp.org/rec/conf/cvpr/HudsonM19.bib},
  bibsource = {dblp computer science bibliography, https://dblp.org}
}

@inproceedings{DBLP:conf/cvpr/00010BT0GZ18,
  author    = {Peter Anderson and
               Xiaodong He and
               Chris Buehler and
               Damien Teney and
               Mark Johnson and
               Stephen Gould and
               Lei Zhang},
  title     = {Bottom-Up and Top-Down Attention for Image Captioning and Visual Question
               Answering},
  booktitle = {2018 {IEEE} Conference on Computer Vision and Pattern Recognition,
               {CVPR} 2018, Salt Lake City, UT, USA, June 18-22, 2018},
  pages     = {6077--6086},
  publisher = {Computer Vision Foundation / {IEEE} Computer Society},
  year      = {2018},
  url       = {http://openaccess.thecvf.com/content\_cvpr\_2018/html/Anderson\_Bottom-Up\_and\_Top-Down\_CVPR\_2018\_paper.html},
  doi       = {10.1109/CVPR.2018.00636},
  timestamp = {Sat, 19 Oct 2019 01:00:00 +0200},
  biburl    = {https://dblp.org/rec/conf/cvpr/00010BT0GZ18.bib},
  bibsource = {dblp computer science bibliography, https://dblp.org}
}