%% This BibTeX bibliography file was created using BibDesk.
%% https://bibdesk.sourceforge.io/

%% Created for Wai Hoi To at 2019-05-21 14:56:23 +0200 


%% Saved with string encoding Unicode (UTF-8) 

@article{dillon2017tfp,
  author    = {Joshua V. Dillon and
               Ian Langmore and
               Dustin Tran and
               Eugene Brevdo and
               Srinivas Vasudevan and
               Dave Moore and
               Brian Patton and
               Alex Alemi and
               Matthew D. Hoffman and
               Rif A. Saurous},
  title     = {TensorFlow Distributions},
  journal   = {CoRR},
  volume    = {abs/1711.10604},
  year      = {2017},
  url       = {http://arxiv.org/abs/1711.10604},
  archivePrefix = {arXiv},
  eprint    = {1711.10604},
  timestamp = {Mon, 13 Aug 2018 16:48:50 +0200},
  biburl    = {https://dblp.org/rec/bib/journals/corr/abs-1711-10604},
  bibsource = {dblp computer science bibliography, https://dblp.org}
}

@book{shapiro2009lectures,
  title={Lectures on stochastic programming: modeling and theory},
  author={Shapiro, Alexander and Dentcheva, Darinka and Ruszczy{\'n}ski, Andrzej},
  year={2009},
  publisher={SIAM}
}

@book{boucheron2013concentration,
  title={Concentration inequalities: A nonasymptotic theory of independence},
  author={Boucheron, St{\'e}phane and Lugosi, G{\'a}bor and Massart, Pascal},
  year={2013},
  publisher={Oxford university press}
}

@book{bishop2006pattern,
  title={Pattern recognition and machine learning},
  author={Bishop, Christopher M},
  year={2006},
  publisher={springer}
}

@article{fletcher2002global,
	Author = {Fletcher, Roger and Gould, Nicholas IM and Leyffer, Sven and Toint, Philippe L and W{\"a}chter, Andreas},
	Date-Added = {2019-05-21 14:56:21 +0200},
	Date-Modified = {2019-05-21 14:56:21 +0200},
	Journal = {SIAM Journal on Optimization},
	Number = {3},
	Pages = {635--659},
	Publisher = {SIAM},
	Title = {Global convergence of a trust-region SQP-filter algorithm for general nonlinear programming},
	Volume = {13},
	Year = {2002}}

@conference{shalev2009stochastic,
	Author = {Shalev-Shwartz, S. and Shamir, O. and Srebro, N. and Sridharan, K.},
	Booktitle = {Conference on Learning Theory (COLT)},
	Title = {Stochastic convex optimization},
	Year = {2009}}

@article{srivastava2014dropout,
	Author = {Srivastava, Nitish and Hinton, Geoffrey and Krizhevsky, Alex and Sutskever, Ilya and Salakhutdinov, Ruslan},
	Journal = {The Journal of Machine Learning Research},
	Number = {1},
	Pages = {1929--1958},
	Publisher = {JMLR. org},
	Title = {Dropout: a simple way to prevent neural networks from overfitting},
	Volume = {15},
	Year = {2014}}

@inproceedings{sutskever2013importance,
	Author = {Sutskever, Ilya and Martens, James and Dahl, George and Hinton, Geoffrey},
	Booktitle = {International conference on machine learning},
	Date-Added = {2019-05-13 17:05:43 +0800},
	Date-Modified = {2019-05-13 17:05:43 +0800},
	Pages = {1139--1147},
	Title = {On the importance of initialization and momentum in deep learning},
	Year = {2013}}

@book{meyn2012markov,
	Author = {Meyn, Sean P and Tweedie, Richard L},
	Date-Added = {2019-05-13 17:04:09 +0800},
	Date-Modified = {2019-05-13 17:04:09 +0800},
	Publisher = {Springer Science \& Business Media},
	Title = {Markov chains and stochastic stability},
	Year = {2012}}

@inproceedings{doukhan1995invariance,
	Author = {Doukhan, Paul and Massart, Pascal and Rio, Emmanuel},
	Booktitle = {Annales de l'IHP Probabilit{\'e}s et statistiques},
	Date-Added = {2019-05-13 17:03:22 +0800},
	Date-Modified = {2019-05-13 17:03:22 +0800},
	Number = {2},
	Pages = {393--427},
	Title = {Invariance principles for absolutely regular empirical processes},
	Volume = {31},
	Year = {1995}}

@inproceedings{rezende2014stochastic,
	Author = {Rezende, Danilo Jimenez and Mohamed, Shakir and Wierstra, Daan},
	Booktitle = {International Conference on Machine Learning},
	Date-Added = {2019-05-13 17:00:21 +0800},
	Date-Modified = {2019-05-13 17:00:21 +0800},
	Pages = {1278--1286},
	Title = {Stochastic Backpropagation and Approximate Inference in Deep Generative Models},
	Year = {2014}}

@inproceedings{blundell2015weight,
	Author = {Blundell, Charles and Cornebise, Julien and Kavukcuoglu, Koray and Wierstra, Daan},
	Booktitle = {International Conference on Machine Learning},
	Date-Added = {2019-05-13 16:59:31 +0800},
	Date-Modified = {2019-05-13 16:59:31 +0800},
	Pages = {1613--1622},
	Title = {Weight Uncertainty in Neural Network},
	Year = {2015}}

@book{neal2012bayesian,
	Author = {Neal, Radford M},
	Date-Added = {2019-05-13 16:58:30 +0800},
	Date-Modified = {2019-05-13 16:58:30 +0800},
	Publisher = {Springer Science \& Business Media},
	Title = {Bayesian learning for neural networks},
	Volume = {118},
	Year = {2012}}

@inproceedings{ranganath2014black,
	Author = {Ranganath, Rajesh and Gerrish, Sean and Blei, David},
	Booktitle = {Artificial Intelligence and Statistics},
	Date-Added = {2019-05-13 16:57:19 +0800},
	Date-Modified = {2019-05-13 16:57:19 +0800},
	Pages = {814--822},
	Title = {Black box variational inference},
	Year = {2014}}

@article{schmidt2017minimizing,
	Author = {Schmidt, Mark and Le Roux, Nicolas and Bach, Francis},
	Journal = {Mathematical Programming},
	Number = {1-2},
	Pages = {83--112},
	Publisher = {Springer},
	Title = {Minimizing finite sums with the stochastic average gradient},
	Volume = {162},
	Year = {2017}}

@inproceedings{roux2012stochastic,
	Author = {Roux, Nicolas L and Schmidt, Mark and Bach, Francis R},
	Booktitle = {NIPS},
	Date-Added = {2019-05-13 16:55:34 +0800},
	Date-Modified = {2019-05-13 16:55:34 +0800},
	Pages = {2663--2671},
	Title = {A stochastic gradient method with an exponential convergence rate for finite training sets},
	Year = {2012}}

@article{wei1990mcem,
	Author = {Wei, Greg C. G. and Tanner, Martin A.},
	Doi = {10.1080/01621459.1990.10474930},
	Eprint = {https://www.tandfonline.com/doi/pdf/10.1080/01621459.1990.10474930},
	Journal = {Journal of the American Statistical Association},
	Number = {411},
	Pages = {699-704},
	Publisher = {Taylor & Francis},
	Title = {A Monte Carlo Implementation of the EM Algorithm and the Poor Man's Data Augmentation Algorithms},
	Url = {https://www.tandfonline.com/doi/abs/10.1080/01621459.1990.10474930},
	Volume = {85},
	Year = {1990},
	Bdsk-Url-1 = {https://www.tandfonline.com/doi/abs/10.1080/01621459.1990.10474930},
	Bdsk-Url-2 = {https://doi.org/10.1080/01621459.1990.10474930}}

@book{meyn2009markov,
	Author = {Meyn, S. and Tweedie, R.L.},
	Edition = {Second},
	Isbn = {978-0-521-73182-9},
	Mrclass = {60J05},
	Mrnumber = {2509253},
	Mrreviewer = {M. Iosifescu},
	Note = {With a prologue by Peter W. Glynn},
	Pages = {xxviii+594},
	Publisher = {Cambridge University Press, Cambridge},
	Title = {Markov chains and stochastic stability},
	Year = {2009}}

@article{blei2017vi,
	Author = {Blei, David M. and Kucukelbir, Alp and McAuliffe, Jon D.},
	Doi = {10.1080/01621459.2017.1285773},
	Eprint = {https://doi.org/10.1080/01621459.2017.1285773},
	Journal = {Journal of the American Statistical Association},
	Number = {518},
	Pages = {859-877},
	Publisher = {Taylor & Francis},
	Title = {Variational Inference: A Review for Statisticians},
	Url = {https://doi.org/10.1080/01621459.2017.1285773},
	Volume = {112},
	Year = {2017},
	Bdsk-Url-1 = {https://doi.org/10.1080/01621459.2017.1285773}}

@inproceedings{neal,
	Author = {Neal, R. and Hinton, G.E.},
	Booktitle = {Learning in Graphical Models},
	Pages = {355--368},
	Publisher = {Kluwer Academic Publishers},
	Title = {A View Of The Em Algorithm That Justifies Incremental, Sparse, And Other Variants},
	Year = {1998}}

@inproceedings{pawlowski2017eff,
	Author = {Nick Pawlowski and Miguel Jaques and Ben Glocker},
	Bibsource = {dblp computer science bibliography, https://dblp.org},
	Biburl = {https://dblp.org/rec/bib/conf/iclr/PawlowskiJG17},
	Booktitle = {5th International Conference on Learning Representations, {ICLR} 2017, Toulon, France, April 24-26, 2017, Workshop Track Proceedings},
	Timestamp = {Thu, 04 Apr 2019 13:20:08 +0200},
	Title = {Efficient variational Bayesian neural network ensembles for outlier detection},
	Url = {https://openreview.net/forum?id=Hy-po5NFx},
	Year = {2017},
	Bdsk-Url-1 = {https://openreview.net/forum?id=Hy-po5NFx}}

@inproceedings{pmlr-v32-rezende14,
	Abstract = {We marry ideas from deep neural networks and approximate Bayesian inference to derive a generalised class of deep, directed generative models, endowed with a new algorithm for scalable inference and learning.   Our algorithm introduces a recognition model to represent an approximate posterior distribution and uses this for optimisation of a variational lower bound.  We develop stochastic backpropagation -- rules for gradient backpropagation through stochastic variables -- and   derive an algorithm that allows for joint optimisation of the parameters of both the generative and recognition models.  We demonstrate on several real-world data sets that by using stochastic backpropagation and variational inference, we obtain models that are able to  generate realistic samples of data, allow for accurate imputations of missing data, and provide a useful tool for high-dimensional data visualisation.},
	Address = {Bejing, China},
	Author = {Danilo Jimenez Rezende and Shakir Mohamed and Daan Wierstra},
	Booktitle = {Proceedings of the 31st International Conference on Machine Learning},
	Editor = {Eric P. Xing and Tony Jebara},
	Month = {22--24 Jun},
	Pages = {1278--1286},
	Pdf = {http://proceedings.mlr.press/v32/rezende14.pdf},
	Publisher = {PMLR},
	Series = {Proceedings of Machine Learning Research},
	Title = {Stochastic Backpropagation and Approximate Inference in Deep Generative Models},
	Url = {http://proceedings.mlr.press/v32/rezende14.html},
	Volume = {32},
	Year = {2014},
	Bdsk-Url-1 = {http://proceedings.mlr.press/v32/rezende14.html}}

@book{neal1996bnn,
	Address = {Berlin, Heidelberg},
	Author = {Neal, Radford M.},
	Isbn = {0387947248},
	Publisher = {Springer-Verlag},
	Title = {Bayesian Learning for Neural Networks},
	Year = {1996}}

@article{mairal2015miso,
	Author = {Mairal, Julien},
	Doi = {10.1137/140957639},
	Fjournal = {SIAM Journal on Optimization},
	Issn = {1052-6234},
	Journal = {SIAM J. Optim.},
	Mrclass = {90C06 (68T05 90C25 90C26)},
	Mrnumber = {3335503},
	Mrreviewer = {Huibin Chang},
	Number = {2},
	Pages = {829--855},
	Title = {Incremental majorization-minimization optimization with application to large-scale machine learning},
	Url = {https://doi.org/10.1137/140957639},
	Volume = {25},
	Year = {2015},
	Bdsk-Url-1 = {https://doi.org/10.1137/140957639}}

@inproceedings{defazio2014saga,
	Author = {Defazio, Aaron and Bach, Francis and Lacoste-Julien, Simon},
	Booktitle = {Advances in neural information processing systems},
	Date-Added = {2019-03-09 14:53:35 +0800},
	Date-Modified = {2019-03-09 14:53:35 +0800},
	Pages = {1646--1654},
	Title = {SAGA: A fast incremental gradient method with support for non-strongly convex composite objectives},
	Year = {2014}}

@article{jordan1999var,
	Acmid = {339252},
	Address = {Hingham, MA, USA},
	Author = {Jordan, Michael I. and Ghahramani, Zoubin and Jaakkola, Tommi S. and Saul, Lawrence K.},
	Doi = {10.1023/A:1007665907178},
	Issn = {0885-6125},
	Issue_Date = {Nov.1.1999},
	Journal = {Mach. Learn.},
	Keywords = {Bayesian networks, Boltzmann machines, approximate inference, belief networks, graphical models, hidden Markov models, mean field methods, neural networks, probabilistic inference, variational methods},
	Month = nov,
	Number = {2},
	Numpages = {51},
	Pages = {183--233},
	Publisher = {Kluwer Academic Publishers},
	Title = {An Introduction to Variational Methods for Graphical Models},
	Url = {https://doi.org/10.1023/A:1007665907178},
	Volume = {37},
	Year = {1999},
	Bdsk-Url-1 = {https://doi.org/10.1023/A:1007665907178}}

@book{mcLachlan2008em,
	Author = {McLachlan, Geoffrey J. and Krishnan, Thriyambakam},
	Doi = {10.1002/9780470191613},
	Edition = {Second},
	Isbn = {978-0-471-20170-0},
	Mrclass = {62-02 (62F10 62H17 62H30 65C05)},
	Mrnumber = {2392878},
	Pages = {xxviii+359},
	Publisher = {Wiley-Interscience [John Wiley \& Sons], Hoboken, NJ},
	Series = {Wiley Series in Probability and Statistics},
	Title = {The {EM} algorithm and extensions},
	Url = {https://doi.org/10.1002/9780470191613},
	Year = {2008},
	Bdsk-Url-1 = {https://doi.org/10.1002/9780470191613}}

@inproceedings{li2017dropout,
	Author = {Li, Yingzhen and Gal, Yarin},
	Booktitle = {Proceedings of the 34th International Conference on Machine Learning-Volume 70},
	Date-Added = {2019-05-11 15:38:41 +0800},
	Date-Modified = {2019-05-11 15:38:41 +0800},
	Organization = {JMLR. org},
	Pages = {2052--2061},
	Title = {Dropout inference in bayesian neural networks with alpha-divergences},
	Year = {2017}}

@article{polson2017deep,
	Author = {Polson, Nicholas G and Sokolov, Vadim and others},
	Date-Added = {2019-05-11 15:35:56 +0800},
	Date-Modified = {2019-05-11 15:35:56 +0800},
	Journal = {Bayesian Analysis},
	Number = {4},
	Pages = {1275--1304},
	Publisher = {International Society for Bayesian Analysis},
	Title = {Deep learning: a Bayesian perspective},
	Volume = {12},
	Year = {2017}}

@book{lange2016mm,
	Address = {USA},
	Author = {Lange, Kenneth},
	Isbn = {1611974399, 9781611974393},
	Publisher = {SIAM-Society for Industrial and Applied Mathematics},
	Title = {MM Optimization Algorithms},
	Year = {2016}}

@article{rio1995inv,
	Author = {Doukhan, P. and Massart, P. and Rio, E.},
	Date-Modified = {2019-04-28 23:53:26 +0800},
	Fjournal = {Annales de l'Institut Henri Poincar\'e. Probabilit\'es et Statistiques},
	Issn = {0246-0203},
	Journal = {Ann. Inst. H. Poincar\'e Probab. Statist.},
	Mrclass = {60F17 (62G99)},
	Mrnumber = {1324814},
	Mrreviewer = {Rimas Norvai\v sa},
	Number = {2},
	Pages = {393--427},
	Title = {Invariance principles for absolutely regular empirical processes},
	Volume = {31},
	Year = {1995}}

@article{razaviyayn2013unified,
	Author = {Razaviyayn, Meisam and Hong, Mingyi and Luo, Zhi-Quan},
	Date-Added = {2019-04-28 23:05:20 +0800},
	Date-Modified = {2019-04-28 23:05:20 +0800},
	Journal = {SIAM Journal on Optimization},
	Number = {2},
	Pages = {1126--1153},
	Publisher = {SIAM},
	Title = {A unified convergence analysis of block successive minimization methods for nonsmooth optimization},
	Volume = {23},
	Year = {2013}}

@article{delyon1999,
	Author = {Delyon, Bernard and Lavielle, Marc and Moulines, Eric},
	Doi = {10.1214/aos/1018031103},
	Fjournal = {The Annals of Statistics},
	Journal = {Ann. Statist.},
	Month = {03},
	Number = {1},
	Pages = {94--128},
	Publisher = {The Institute of Mathematical Statistics},
	Title = {Convergence of a stochastic approximation version of the EM 			 algorithm},
	Url = {https://doi.org/10.1214/aos/1018031103},
	Volume = {27},
	Year = {1999},
	Bdsk-Url-1 = {https://doi.org/10.1214/aos/1018031103}}

@article{ghahramani2015probabilistic,
	Abstract = {How can a machine learn from experience? Probabilistic modelling provides a framework for understanding what learning is, and has therefore emerged as one of the principal theoretical and practical approaches for designing machines that learn from data acquired through experience. The probabilistic framework, which describes how to represent and manipulate uncertainty about models and predictions, has a central role in scientific data analysis, machine learning, robotics, cognitive science and artificial intelligence. This Review provides an introduction to this framework, and discusses some of the state-of-the-art advances in the field, namely, probabilistic programming, Bayesian optimization, data compression and automatic model discovery.},
	Added-At = {2017-11-28T07:05:05.000+0100},
	Author = {Ghahramani, Z},
	Biburl = {https://www.bibsonomy.org/bibtex/26150b835dd92ffe9f5fa73e002f500a8/lenalauber},
	Description = {Probabilistic machine learning and artificial intelligence. - PubMed - NCBI},
	Doi = {10.1038/nature14541},
	Interhash = {5b6101000ce961c382a70c8bfa25a610},
	Intrahash = {6150b835dd92ffe9f5fa73e002f500a8},
	Journal = {Nature},
	Keywords = {final thema:representationlearning},
	Month = may,
	Note = {On Probabilistic models},
	Number = 7553,
	Pages = {452-459},
	Pmid = {26017444},
	Timestamp = {2017-11-28T07:05:05.000+0100},
	Title = {Probabilistic machine learning and artificial intelligence},
	Url = {https://www.ncbi.nlm.nih.gov/pubmed/26017444/},
	Volume = 521,
	Year = 2015,
	Bdsk-Url-1 = {https://www.ncbi.nlm.nih.gov/pubmed/26017444/},
	Bdsk-Url-2 = {https://doi.org/10.1038/nature14541}}

@article{book:deeplearning,
	Author = {I. Goodfellow and Y. Bengio and A. Courville},
	Date-Modified = {2019-04-28 23:56:30 +0800},
	Journal = {MIT Press},
	Title = {{Deep learning book}},
	Year = {2016}}

@inproceedings{kingma,
	Author = {Diederik P. Kingma and Max Welling},
	Bibsource = {dblp computer science bibliography, https://dblp.org},
	Biburl = {https://dblp.org/rec/bib/journals/corr/KingmaW13},
	Booktitle = {2nd International Conference on Learning Representations, {ICLR} 2014, Banff, AB, Canada, April 14-16, 2014, Conference Track Proceedings},
	Timestamp = {Thu, 04 Apr 2019 13:20:07 +0200},
	Title = {Auto-Encoding Variational Bayes},
	Url = {http://arxiv.org/abs/1312.6114},
	Year = {2014},
	Bdsk-Url-1 = {http://arxiv.org/abs/1312.6114}}

@inproceedings{paisley2013,
	Added-At = {2013-01-25T00:00:00.000+0100},
	Author = {Paisley, J.W. and Blei, D.M. and Jordan, M.I.},
	Booktitle = {ICML},
	Date-Modified = {2019-04-28 23:55:10 +0800},
	Keywords = {dblp},
	Publisher = {icml.cc / Omnipress},
	Title = {Variational Bayesian Inference with Stochastic Search.},
	Year = 2012}

@misc{Bernardo03thevariational,
	Author = {J. M. Bernardo and M. J. Bayarri and J. O. Berger and A. P. Dawid and D. Heckerman and A. F. M. Smith and M. West (eds and Matthew J. Beal and Zoubin Ghahramani},
	Title = {The Variational Bayesian EM Algorithm for Incomplete Data: with Application to Scoring Graphical Model Structures},
	Year = {2003}}

@article{lecunapp,
	Author = {Yann LeCun and Yoshua Bengio and Geoffrey E. Hinton},
	Journal = {Nature},
	Number = {7553},
	Pages = {436--444},
	Title = {Deep learning},
	Volume = {521},
	Year = {2015}}

@article{arulkumaran,
	Author = {K. Arulkumaran, M.P. Deisenroth, M. Brundage and A.A. Bharath},
	Title = {A brief survey of deep reinforcement learning},
	Year = {2017}}

@misc{schmidhuber,
	Added-At = {2016-11-14T16:29:04.000+0100},
	Author = {Schmidhuber, Juergen},
	Description = {[1404.7828] Deep Learning in Neural Networks: An Overview},
	Note = {cite arxiv:1404.7828Comment: 88 pages, 888 references},
	Timestamp = {2016-11-14T16:29:04.000+0100},
	Title = {Deep Learning in Neural Networks: An Overview},
	Year = 2014}

@article{bottou2018optimization,
	Author = {Bottou, L{\'e}on and Curtis, Frank E and Nocedal, Jorge},
	Journal = {Siam Review},
	Number = {2},
	Pages = {223--311},
	Publisher = {SIAM},
	Title = {Optimization methods for large-scale machine learning},
	Volume = {60},
	Year = {2018}}

@article{robbins1951A,
	Added-At = {2008-10-07T16:03:39.000+0200},
	Author = {Robbins, H. and Monro, S.},
	Journal = {Annals of Mathematical Statistics},
	Keywords = {imported},
	Pages = {400-407},
	Timestamp = {2008-10-07T16:03:40.000+0200},
	Title = {A stochastic approximation method},
	Volume = 22,
	Year = 1951}

@article{blei2003latent,
	Added-At = {2012-11-22T12:45:35.000+0100},
	Author = {Blei, D.M. and Ng, A.Y. and Jordan, M.I.},
	Journal = {the Journal of machine Learning research},
	Keywords = {allocation archived dirichlet f:archived f:details latent notes},
	Pages = {993--1022},
	Publisher = {JMLR. org},
	Timestamp = {2012-11-23T14:18:54.000+0100},
	Title = {Latent dirichlet allocation},
	Volume = 3,
	Year = 2003}

@inproceedings{kingma:adam,
	Author = {Diederik P. Kingma and Jimmy Ba},
	Bibsource = {dblp computer science bibliography, https://dblp.org},
	Biburl = {https://dblp.org/rec/bib/journals/corr/KingmaB14},
	Booktitle = {3rd International Conference on Learning Representations, {ICLR} 2015, San Diego, CA, USA, May 7-9, 2015, Conference Track Proceedings},
	Timestamp = {Fri, 29 Mar 2019 00:00:00 +0100},
	Title = {Adam: {A} Method for Stochastic Optimization},
	Url = {http://arxiv.org/abs/1412.6980},
	Year = {2015},
	Bdsk-Url-1 = {http://arxiv.org/abs/1412.6980}}

@article{kiefer1952,
	Author = {Kiefer, J. and Wolfowitz, J.},
	Doi = {10.1214/aoms/1177729392},
	Fjournal = {The Annals of Mathematical Statistics},
	Journal = {Ann. Math. Statist.},
	Month = {09},
	Number = {3},
	Pages = {462--466},
	Publisher = {The Institute of Mathematical Statistics},
	Title = {Stochastic Estimation of the Maximum of a Regression Function},
	Volume = {23},
	Year = {1952},
	Bdsk-Url-1 = {https://doi.org/10.1214/aoms/1177729392}}

@book{nesterovconvex,
	Author = {Nesterov, Y.},
	Edition = {1},
	Isbn = {1461346916, 9781461346913},
	Publisher = {Springer Publishing Company, Incorporated},
	Title = {Introductory Lectures on Convex Optimization: A Basic Course},
	Year = {2014}}

@inproceedings{defreitas2001V,
	Acmid = {2074038},
	Address = {San Francisco, CA, USA},
	Author = {de Freitas, N. and H{\o}jen-S{\o}rensen, P. and Jordan, M.I and Russell, S.},
	Booktitle = {Proceedings of the Seventeenth Conference on Uncertainty in Artificial Intelligence},
	Isbn = {1-55860-800-1},
	Location = {Seattle, Washington},
	Numpages = {8},
	Pages = {120--127},
	Publisher = {Morgan Kaufmann Publishers Inc.},
	Series = {UAI'01},
	Title = {Variational MCMC},
	Year = {2001}}

@inproceedings{mairal13S,
	Author = {Julien Mairal},
	Booktitle = {{NIPS}},
	Pages = {2283--2291},
	Title = {Stochastic Majorization-Minimization Algorithms for Large-Scale Optimization},
	Year = {2013}}

@article{beck2013B,
	Added-At = {2014-01-06T00:00:00.000+0100},
	Author = {Beck, A. and Tetruashvili, L.},
	Journal = {SIAM Journal on Optimization},
	Keywords = {dblp},
	Number = 4,
	Pages = {2037-2060},
	Timestamp = {2014-01-07T11:32:40.000+0100},
	Title = {On the Convergence of Block Coordinate Descent Type Methods.},
	Volume = 23,
	Year = 2013}

@article{razaviyayn2013,
	Added-At = {2013-07-16T00:00:00.000+0200},
	Author = {Razaviyayn, M. and Hong, M. and Luo, Z.Q.},
	Journal = {SIAM Journal on Optimization},
	Keywords = {dblp},
	Number = 2,
	Pages = {1126-1153},
	Timestamp = {2013-08-13T12:50:02.000+0200},
	Title = {A Unified Convergence Analysis of Block Successive Minimization Methods for Nonsmooth Optimization.},
	Volume = 23,
	Year = 2013}

@inproceedings{bietti17S,
	Author = {Alberto Bietti and Julien Mairal},
	Booktitle = {{NIPS}},
	Pages = {1622--1632},
	Title = {Stochastic Optimization with Variance Reduction for Infinite Datasets with Finite Sum Structure},
	Year = {2017}}

@incollection{bottou2008,
	Author = {Bottou, L\'{e}on and Bousquet, Olivier},
	Booktitle = {Advances in Neural Information Processing Systems 20},
	Editor = {J. C. Platt and D. Koller and Y. Singer and S. T. Roweis},
	Pages = {161--168},
	Publisher = {Curran Associates, Inc.},
	Title = {The Tradeoffs of Large Scale Learning},
	Year = {2008}}

@misc{tensorflow2015-whitepaper,
	Author = {Abadi, M. and Agarwal, A. and Barham, P. and Brevdo, E. and Chen, Z. and Citro, C. and Corrado, G.S. and Davis, A. and Dean, J. and Devin, M. and Ghemawat, S. and Goodfellow, I. and Harp, A. and Irving, G. and Isard, M. and Jia, Y. and Jozefowicz, R. and Kaiser, L. and Kudlur, M. and Levenberg, J. and Man\'{e}, D. and Monga, R. and Moore, S. and Murray, D. and Olah, C. and Schuster, M and Shlens, J and Steiner, B and Sutskever, I. and Talwar, K. and Tucker, P. and Vanhoucke, V. and Vasudevan, V. and Vi\'{e}gas, F. and Vinyals, O. and Warden, P. and Wattenberg, M. and Wicke, M. and Yu, Y. and Zheng, X.},
	Note = {Software available from tensorflow.org},
	Title = {{TensorFlow}: Large-Scale Machine Learning on Heterogeneous Systems},
	Url = {https://www.tensorflow.org/},
	Year = {2015},
	Bdsk-Url-1 = {https://www.tensorflow.org/}}

@article{kucukelbir,
	Acmid = {3122023},
	Author = {Kucukelbir, A. and Tran, D. and Ranganath, R. and Gelman, A. and Blei, D. M.},
	Issn = {1532-4435},
	Issue_Date = {January 2017},
	Journal = {J. Mach. Learn. Res.},
	Keywords = {Bayesian inference, approximate inference, probabilistic programming},
	Month = jan,
	Number = {1},
	Numpages = {45},
	Pages = {430--474},
	Publisher = {JMLR.org},
	Title = {Automatic Differentiation Variational Inference},
	Volume = {18},
	Year = {2017}}

@inproceedings{titsias,
	Address = {Bejing, China},
	Author = {Titsias, M. and L{\'a}zaro-Gredilla, M.},
	Booktitle = {Proceedings of the 31st International Conference on Machine Learning},
	Editor = {Eric P. Xing and Tony Jebara},
	Month = {22--24 Jun},
	Number = {2},
	Pages = {1971--1979},
	Pdf = {http://proceedings.mlr.press/v32/titsias14.pdf},
	Publisher = {PMLR},
	Series = {Proceedings of Machine Learning Research},
	Title = {Doubly Stochastic Variational Bayes for non-Conjugate Inference},
	Volume = {32},
	Year = {2014}}

@inbook{keener2010,
	Address = {New York, NY},
	Author = {Keener, R.W.},
	Booktitle = {Theoretical Statistics: Topics for a Core Course},
	Date-Modified = {2019-05-04 20:59:20 +0800},
	Isbn = {978-0-387-93839-4},
	Pages = {85--99},
	Publisher = {Springer New York},
	Title = {Curved Exponential Families},
	Year = {2010},
	Bdsk-Url-1 = {https://doi.org/10.1007/978-0-387-93839-4_5}}

@misc{tran2016edward,
	Added-At = {2017-01-20T15:41:01.000+0100},
	Author = {Tran, D. and Kucukelbir, A. and Dieng, A.B. and Rudolph, M. and Liang, D. and Blei, D.M.},
	Note = {cite arxiv:1610.09787},
	Timestamp = {2017-05-22T07:48:08.000+0200},
	Title = {Edward: A library for probabilistic modeling, inference, and criticism},
	Year = 2016}

@article{jiang2018logistic,
	Author = {Jiang, Wei and Josse, Julie and Lavielle, Marc},
	Title = {Logistic Regression with Missing Covariates--Parameter Estimation, Model Selection and Prediction},
	Year = {2018}}

@article{Gal2015Bayesian,
	Author = {Yarin Gal and Zoubin Ghahramani},
	Journal = {arXiv:1506.02158},
	Title = {Bayesian Convolutional Neural Networks with {B}ernoulli Approximate Variational Inference},
	Year = {2015}}

@article{lecun1998gradient,
	Author = {LeCun, Yann and Bottou, L{\'e}on and Bengio, Yoshua and Haffner, Patrick and others},
	Journal = {Proceedings of the IEEE},
	Number = {11},
	Pages = {2278--2324},
	Publisher = {Taipei, Taiwan},
	Title = {Gradient-based learning applied to document recognition},
	Volume = {86},
	Year = {1998}}

@article{lecun1998mnist,
	Author = {LeCun, Yann},
	Journal = {http://yann. lecun. com/exdb/mnist/},
	Title = {The MNIST database of handwritten digits},
	Year = {1998}}

@article{roberts1997weak,
	Author = {Roberts, Gareth O and Gelman, Andrew and Gilks, Walter R and others},
	Journal = {The annals of applied probability},
	Number = {1},
	Pages = {110--120},
	Publisher = {Institute of Mathematical Statistics},
	Title = {Weak convergence and optimal scaling of random walk Metropolis algorithms},
	Volume = {7},
	Year = {1997}}


@book{pinheiro2006mixed,
  title={Mixed-effects models in S and S-PLUS},
  author={Pinheiro, Jos{\'e} and Bates, Douglas},
  year={2006},
  publisher={Springer Science \& Business Media}
}

@article{international2009estimation,
  title={Estimation of the warfarin dose with clinical and pharmacogenetic data},
  author={International Warfarin Pharmacogenetics Consortium},
  journal={New England Journal of Medicine},
  volume={360},
  number={8},
  pages={753--764},
  year={2009},
  publisher={Mass Medical Soc}
}

@inproceedings{alistarh2017qsgd,
  title={QSGD: Communication-efficient SGD via gradient quantization and encoding},
  author={Alistarh, Dan and Grubic, Demjan and Li, Jerry and Tomioka, Ryota and Vojnovic, Milan},
  booktitle={Advances in Neural Information Processing Systems},
  pages={1709--1720},
  year={2017}
}


@article{dempster1977Maximum,
  title={Maximum likelihood from incomplete data via the {EM} algorithm},
  author={Dempster, Arthur P. and Laird, Nan M. and Rubin, Donald B.},
  journal={Journal of the royal statistical society. Series B (methodological)},
  pages={1--38},
  year={1977},
  publisher={JSTOR}
}


@article{wu1983convergence,
  title={On the convergence properties of the {EM} algorithm},
  author={Wu, C.F. Jeff},
  journal={The Annals of statistics},
  pages={95--103},
  year={1983},
  publisher={JSTOR}
}


@article{srivastava2019asynchronous,
  title={An asynchronous distributed expectation maximization algorithm for massive data: the DEM algorithm},
  author={Srivastava, Sanvesh and DePalma, Glen and Liu, Chuanhai},
  journal={Journal of Computational and Graphical Statistics},
  volume={28},
  number={2},
  pages={233--243},
  year={2019},
  publisher={Taylor \& Francis}
}

@inproceedings{morral2012line,
  title={On-line gossip-based distributed expectation maximization algorithm},
  author={Morral, Gemma and Bianchi, Pascal and Jakubowicz, J{\'e}r{\'e}mie},
  booktitle={2012 IEEE Statistical Signal Processing Workshop (SSP)},
  pages={305--308},
  year={2012},
  organization={IEEE}
}

@article{chopin2021fast,
  title={Fast compression of MCMC output},
  author={Chopin, Nicolas and Ducrocq, Gabriel},
  journal={Entropy},
  volume={23},
  number={8},
  pages={1017},
  year={2021},
  publisher={Multidisciplinary Digital Publishing Institute}
}

@article{vono2021qlsd,
  title={QLSD: Quantised Langevin stochastic dynamics for Bayesian federated learning},
  author={Vono, Maxime and Plassier, Vincent and Durmus, Alain and Dieuleveut, Aymeric and Moulines, Eric},
  journal={arXiv preprint arXiv:2106.00797},
  year={2021}
}

@article{boyd2011distributed,
	title={Distributed optimization and statistical learning via the alternating direction method of multipliers},
	author={Boyd, Stephen and Parikh, Neal and Chu, Eric and Peleato, Borja and Eckstein, Jonathan and others},
	journal={Foundations and Trends{\textregistered} in Machine learning},
	volume={3},
	number={1},
	pages={1--122},
	year={2011},
	publisher={Now Publishers, Inc.}
}

@article{duchi2011dual,
	title={Dual averaging for distributed optimization: Convergence analysis and network scaling},
	author={Duchi, John C and Agarwal, Alekh and Wainwright, Martin J},
	journal={IEEE Transactions on Automatic control},
	volume={57},
	number={3},
	pages={592--606},
	year={2011},
	publisher={IEEE}
}

@article{nedic2009distributed,
	title={Distributed subgradient methods for multi-agent optimization},
	author={Nedic, Angelia and Ozdaglar, Asuman},
	journal={IEEE Transactions on Automatic Control},
	volume={54},
	number={1},
	pages={48},
	year={2009}
}

@article{shi2015extra,
	title={Extra: An exact first-order algorithm for decentralized consensus optimization},
	author={Shi, Wei and Ling, Qing and Wu, Gang and Yin, Wotao},
	journal={SIAM Journal on Optimization},
	volume={25},
	number={2},
	pages={944--966},
	year={2015},
	publisher={SIAM}
}


@article{di2016next,
	title={Next: In-network nonconvex optimization},
	author={Di Lorenzo, Paolo and Scutari, Gesualdo},
	journal={IEEE Transactions on Signal and Information Processing over Networks},
	volume={2},
	number={2},
	pages={120--136},
	year={2016},
	publisher={IEEE}
}

@article{nazari2019dadam,
	title={DADAM: A consensus-based distributed adaptive gradient method for online optimization},
	author={Nazari, Parvin and Tarzanagh, Davoud Ataee and Michailidis, George},
	journal={arXiv preprint arXiv:1901.09109},
	year={2019}
}


@inproceedings{reddi2019convergence,
	title={On the convergence of adam and beyond},
	author={Reddi, Sashank J and Kale, Satyen and Kumar, Sanjiv},
	booktitle={International Conference on Learning Representations},
	year={2018}
}



@inproceedings{karimi2020two,
	Author = {Karimi, Belhal and Li, Ping},
	Booktitle = {IEEE International Symposium on Information Theory (ISIT)},
	Pages = {},
	Title = {Two-Timescale Stochastic EM Algorithms},
	Year = {2020}}



@book{brooks2011handbook,
  title={Handbook of markov chain monte carlo},
  author={Brooks, Steve and Gelman, Andrew and Jones, Galin and Meng, Xiao-Li},
  year={2011},
  publisher={CRC press}
}

@article{allassonniere2008stochastic,
  title={Stochastic algorithm for parameter estimation for dense deformable template mixture model},
  author={Allassonni{\`e}re, St{\'e}phanie and Kuhn, Estelle},
  journal={arXiv preprint arXiv:0802.1521},
  year={2008}
}

@article{efron1975defining,
  title={Defining the curvature of a statistical problem (with applications to second order efficiency)},
  author={Efron, Bradley and others},
  journal={The Annals of Statistics},
  volume={3},
  number={6},
  pages={1189--1242},
  year={1975},
  publisher={Institute of Mathematical Statistics}
}

@article{carlin1995bayesian,
  title={Bayesian model choice via Markov chain Monte Carlo methods},
  author={Carlin, Bradley P and Chib, Siddhartha},
  journal={Journal of the Royal Statistical Society: Series B (Methodological)},
  volume={57},
  number={3},
  pages={473--484},
  year={1995},
  publisher={Wiley Online Library}
}

@article{jain2017non,
  title={Non-convex optimization for machine learning},
  author={Jain, Prateek and Kar, Purushottam},
  journal={arXiv preprint arXiv:1712.07897},
  year={2017}
}

@misc{maire2016online,
  added-at = {2016-04-05T09:23:38.000+0200},
  author = {Maire, Florian and Moulines, Eric and Lefebvre, Sidonie},
  biburl = {https://www.bibsonomy.org/bibtex/26a211ec4530cd41284858c3aca9c9dfb/pixor},
  description = {1604.00570v1.pdf},
  interhash = {efb9487337ca7e16d923491f11819389},
  intrahash = {6a211ec4530cd41284858c3aca9c9dfb},
  keywords = {Signal1D a_creuser bayesian},
  note = {cite arxiv:1604.00570v1.pdf},
  timestamp = {2016-04-05T09:23:38.000+0200},
  title = {Online EM for Functional Data},
  url = {http://arxiv.org/abs/1604.00570},
  year = 2016
}



@article{hull1994database,
  title={A database for handwritten text recognition research},
  author={Hull, Jonathan J.},
  journal={IEEE Transactions on pattern analysis and machine intelligence},
  volume={16},
  number={5},
  pages={550--554},
  year={1994},
  publisher={IEEE}
}

@book{meyn2012markov,
	Author = {Meyn, Sean P and Tweedie, Richard L},
	Date-Added = {2019-05-13 17:04:09 +0800},
	Date-Modified = {2019-05-13 17:04:09 +0800},
	Publisher = {Springer Science \& Business Media},
	Title = {Markov chains and stochastic stability},
	Year = {2012}}


@article{kuhn2004coupling,
  title={Coupling a stochastic approximation version of EM with an MCMC procedure},
  author={Kuhn, Estelle and Lavielle, Marc},
  journal={ESAIM: Probability and Statistics},
  volume={8},
  pages={115--131},
  year={2004},
  publisher={EDP Sciences}
}

@article{allassonniere2007towards,
  title={Towards a coherent statistical framework for dense deformable template estimation},
  author={Allassonni{\`e}re, St{\'e}phanie and Amit, Yali and Trouv{\'e}, Alain},
  journal={Journal of the Royal Statistical Society: Series B (Statistical Methodology)},
  volume={69},
  number={1},
  pages={3--29},
  year={2007},
  publisher={Wiley Online Library}
}

@article{baey2016nonlinear,
  title={A non linear mixed effects model of plant growth and estimation via stochastic variants of the em algorithm},
  author={Baey, Charlotte and Trevezas, Samis and Courn{\`e}de, Paul-Henry},
  journal={Communications in Statistics-Theory and Methods},
  volume={45},
  number={6},
  pages={1643--1669},
  year={2016},
  publisher={Taylor \& Francis}
}

@article{das2010Inferences,
  title={Inferences for joint modelling of repeated ordinal scores and time to event data},
  author={Chakraborty, Arindom and Das, Kalyan},
  journal={Computational and mathematical methods in medicine},
  volume={11},
  number={3},
  pages={281--295},
  year={2010},
  publisher={Taylor \& Francis}
}



@article{hughes1999mixed,
  title={Mixed effects models with censored data with application to HIV RNA levels},
  author={Hughes, James P},
  journal={Biometrics},
  volume={55},
  number={2},
  pages={625--629},
  year={1999},
  publisher={Wiley Online Library}
}

@article{mcculloch1997maximum,
  title={Maximum likelihood algorithms for generalized linear mixed models},
  author={McCulloch, Charles E},
  journal={Journal of the American statistical Association},
  volume={92},
  number={437},
  pages={162--170},
  year={1997},
  publisher={Taylor \& Francis}
}


@inproceedings{liang2009online,
  title={Online EM for unsupervised models},
  author={Liang, Percy and Klein, Dan},
  booktitle={Proceedings of human language technologies: The 2009 annual conference of the North American chapter of the association for computational linguistics},
  pages={611--619},
  year={2009}
}


@article{nguyen2020mini,
  title={Mini-batch learning of exponential family finite mixture models},
  author={Nguyen, Hien D and Forbes, Florence and McLachlan, Geoffrey J},
  journal={Statistics and Computing},
  pages={1--18},
  year={2020},
  publisher={Springer}
}

@inproceedings{zhu2017high,
  title={High-dimensional variance-reduced stochastic gradient expectation-maximization algorithm},
  author={Zhu, Rongda and Wang, Lingxiao and Zhai, Chengxiang and Gu, Quanquan},
  booktitle={Proceedings of the 34th International Conference on Machine Learning-Volume 70},
  pages={4180--4188},
  year={2017},
  organization={JMLR. org}
}


@article{wei1990monte,
  title={A Monte Carlo implementation of the EM algorithm and the poor man's data augmentation algorithms},
  author={Wei, Greg CG and Tanner, Martin A},
  journal={Journal of the American statistical Association},
  volume={85},
  number={411},
  pages={699--704},
  year={1990},
  publisher={Taylor \& Francis Group}
}

@article{robbins1951stochastic,
  title={A stochastic approximation method},
  author={Robbins, Herbert and Monro, Sutton},
  journal={The annals of mathematical statistics},
  pages={400--407},
  year={1951},
  publisher={JSTOR}
}


@article{allassonniere2010construction,
  title={Construction of Bayesian deformable models via a stochastic approximation algorithm: a convergence study},
  author={Allassonni{\`e}re, St{\'e}phanie and Kuhn, Estelle and Trouv{\'e}, Alain and others},
  journal={Bernoulli},
  volume={16},
  number={3},
  pages={641--678},
  year={2010},
  publisher={Bernoulli Society for Mathematical Statistics and Probability}
}

@inproceedings{karimi2019global,
  title={On the global convergence of (fast) incremental expectation maximization methods},
  author={Karimi, Belhal and Wai, Hoi-To and Moulines, {\'E}ric and Lavielle, Marc},
  booktitle={Advances in Neural Information Processing Systems},
  pages={2833--2843},
  year={2019}
}


@phdthesis{karimi2019non,
  title={Non-Convex Optimization for Latent Data Models: Algorithms, Analysis and Applications},
  author={Karimi, Belhal},
  year={2019}
}

@article{kuhn2019properties,
  title={Properties of the Stochastic Approximation EM Algorithm with Mini-batch Sampling},
  author={Kuhn, Estelle and Matias, Catherine and Rebafka, Tabea},
  journal={arXiv preprint arXiv:1907.09164},
  year={2019}
}






@phdthesis{medelyan2009human,
  title={Human-competitive automatic topic indexing},
  author={Medelyan, Olena},
  year={2009},
  school={The University of Waikato}
}

@article{balakrishnan2017Statistical,
author = "Balakrishnan, Sivaraman and Wainwright, Martin J. and Yu, Bin",
doi = "10.1214/16-AOS1435",
fjournal = "The Annals of Statistics",
journal = "Ann. Statist.",
month = "02",
number = "1",
pages = "77--120",
publisher = "The Institute of Mathematical Statistics",
title = "Statistical guarantees for the {EM} algorithm: From population to sample-based analysis",
volume = "45",
year = "2017"
}

@article{mclachlan2019finite,
  title={Finite mixture models},
  author={McLachlan, Geoffrey J and Lee, Sharon X and Rathnayake, Suren I},
  journal={Annual review of statistics and its application},
  volume={6},
  pages={355--378},
  year={2019},
  publisher={Annual Reviews}
}


@article{deerwester1990indexing,
  title={Indexing by latent semantic analysis},
  author={Deerwester, Scott and Dumais, Susan T and Furnas, George W and Landauer, Thomas K and Harshman, Richard},
  journal={Journal of the American society for information science},
  volume={41},
  number={6},
  pages={391--407},
  year={1990},
  publisher={Wiley Online Library}
}



@article{ablin2018algorithms,
  title={{EM} algorithms for {ICA}},
  author={Ablin, Pierre and Gramfort, Alexandre and Cardoso, Jean-Fran{\c{c}}ois and Bach, Francis},
  journal={arXiv preprint arXiv:1805.10054},
  year={2018}
}

@inproceedings{levin2011efficient,
  title={Efficient marginal likelihood optimization in blind deconvolution},
  author={Levin, Anat and Weiss, Yair and Durand, Fredo and Freeman, William T},
  booktitle={CVPR 2011},
  pages={2657--2664},
  year={2011},
  organization={IEEE}
}

@article{cappe2011online,
  title={Online {EM} algorithm for hidden Markov models},
  author={Capp{\'e}, Olivier},
  journal={Journal of Computational and Graphical Statistics},
  volume={20},
  number={3},
  pages={728--749},
  year={2011},
  publisher={Taylor \& Francis}
}




@inproceedings{allen2016variance,
	Author = {Allen-Zhu, Zeyuan and Hazan, Elad},
	Booktitle = {International Conference on Machine Learning},
	Date-Added = {2019-03-23 23:19:57 +0800},
	Date-Modified = {2019-03-23 23:19:57 +0800},
	Pages = {699--707},
	Title = {Variance reduction for faster non-convex optimization},
	Year = {2016}}

@inproceedings{reddi2016stochastic,
	Author = {Reddi, Sashank J and Hefny, Ahmed and Sra, Suvrit and Poczos, Barnabas and Smola, Alex},
	Booktitle = {International conference on machine learning},
	Date-Added = {2019-03-23 23:19:37 +0800},
	Date-Modified = {2019-03-23 23:19:37 +0800},
	Pages = {314--323},
	Title = {Stochastic variance reduction for nonconvex optimization},
	Year = {2016}}


@book{mclachlan2007algorithm,
  title={The {EM} algorithm and extensions},
  author={McLachlan, Geoffrey and Krishnan, Thriyambakam},
  volume={382},
  year={2007},
  publisher={John Wiley \& Sons}
}



@inproceedings{defazio2014saga,
	Author = {Defazio, Aaron and Bach, Francis and Lacoste-Julien, Simon},
	Booktitle = {Advances in neural information processing systems},
	Date-Added = {2019-03-09 14:53:35 +0800},
	Date-Modified = {2019-03-09 14:53:35 +0800},
	Pages = {1646--1654},
	Title = {SAGA: A fast incremental gradient method with support for non-strongly convex composite objectives},
	Year = {2014}}

@article{bertsekas2011incremental,
	Author = {Bertsekas, Dimitri P},
	Date-Added = {2019-03-09 14:37:59 +0800},
	Date-Modified = {2019-03-09 14:37:59 +0800},
	Journal = {Optimization for Machine Learning},
	Number = {1-38},
	Pages = {3},
	Publisher = {MIT press},
	Title = {Incremental gradient, subgradient, and proximal methods for convex optimization: A survey},
	Volume = {2010},
	Year = {2011}}

@inproceedings{chen2018stochastic,
	Author = {Chen, Jianfei and Zhu, Jun and Teh, Yee Whye and Zhang, Tong},
	Booktitle = {Advances in Neural Information Processing Systems},
	Date-Added = {2019-03-04 18:07:23 +0800},
	Date-Modified = {2019-03-04 18:07:23 +0800},
	Pages = {7978--7988},
	Title = {Stochastic Expectation Maximization with Variance Reduction},
	Year = {2018}}

@incollection{neal1998view,
	Author = {Neal, Radford M and Hinton, Geoffrey E},
	Booktitle = {Learning in graphical models},
	Date-Added = {2019-03-04 18:06:47 +0800},
	Date-Modified = {2019-03-04 18:06:47 +0800},
	Pages = {355--368},
	Publisher = {Springer},
	Title = {A view of the {EM} algorithm that justifies incremental, sparse, and other variants},
	Year = {1998}}

@article{mairal2015incremental,
	Author = {Mairal, Julien},
	Date-Added = {2019-02-24 00:59:12 +0800},
	Date-Modified = {2019-02-24 00:59:12 +0800},
	Journal = {SIAM Journal on Optimization},
	Number = {2},
	Pages = {829--855},
	Publisher = {SIAM},
	Title = {Incremental majorization-minimization optimization with application to large-scale machine learning},
	Volume = {25},
	Year = {2015}}

@article{reddi2016fast,
	Author = {Reddi, Sashank J and Sra, Suvrit and P{\'o}czos, Barnab{\'a}s and Smola, Alex},
	Date-Added = {2019-02-19 14:31:34 +0800},
	Date-Modified = {2019-02-19 14:31:34 +0800},
	Journal = {arXiv preprint arXiv:1603.06159},
	Title = {Fast incremental method for nonconvex optimization},
	Year = {2016}}

@article{ghadimi2013stochastic,
	Author = {Ghadimi, Saeed and Lan, Guanghui},
	Date-Added = {2018-10-27 15:50:56 -0400},
	Date-Modified = {2018-10-27 15:50:56 -0400},
	Journal = {SIAM Journal on Optimization},
	Number = {4},
	Pages = {2341--2368},
	Publisher = {SIAM},
	Title = {Stochastic first-and zeroth-order methods for nonconvex stochastic programming},
	Volume = {23},
	Year = {2013}}

@article{cappe2009line,
	Author = {Capp{\'e}, Olivier and Moulines, Eric},
	Date-Added = {2018-06-10 13:43:47 +0000},
	Date-Modified = {2018-06-10 13:43:47 +0000},
	Journal = {Journal of the Royal Statistical Society: Series B (Statistical Methodology)},
	Number = {3},
	Pages = {593--613},
	Publisher = {Wiley Online Library},
	Title = {On-line expectation--maximization algorithm for latent data models},
	Volume = {71},
	Year = {2009}}

@article{fort2011convergence,
	Author = {Fort, G and Moulines, E and Priouret, P and others},
	Journal = {The Annals of Statistics},
	Number = {6},
	Pages = {3262--3289},
	Publisher = {Institute of Mathematical Statistics},
	Title = {Convergence of adaptive and interacting Markov chain Monte Carlo algorithms},
	Volume = {39},
	Year = {2011}}

@incollection{leroux:schmidt:bach:2012,
title = {A Stochastic Gradient Method with an Exponential Convergence \_Rate for Finite Training Sets},
author = {Nicolas L. Roux and Schmidt, Mark and Francis R. Bach},
booktitle = {Advances in Neural Information Processing Systems 25},
editor = {F. Pereira and C. J. C. Burges and L. Bottou and K. Q. Weinberger},
pages = {2663--2671},
year = {2012},
publisher = {Curran Associates, Inc.},
url = {http://papers.nips.cc/paper/4633-a-stochastic-gradient-method-with-an-exponential-convergence-_rate-for-finite-training-sets.pdf}
}

@inproceedings{johnson:zhang:2013,
  title={Accelerating stochastic gradient descent using predictive variance reduction},
  author={Johnson, Rie and Zhang, Tong},
  booktitle={Advances in neural information processing systems},
  pages={315--323},
  year={2013}
}

@article{hinton2006fast,
  title={A fast learning algorithm for deep belief nets},
  author={Hinton, Geoffrey E and Osindero, Simon and Teh, Yee-Whye},
  journal={Neural computation},
  volume={18},
  number={7},
  pages={1527--1554},
  year={2006},
  publisher={MIT Press}
}

@inproceedings{hofmann2017probabilistic,
 author = {Hofmann, Thomas},
 title = {Probabilistic Latent Semantic Indexing},
 booktitle = {Proceedings of the 22Nd Annual International ACM SIGIR Conference on Research and Development in Information Retrieval},
 series = {SIGIR '99},
 year = {1999},
 isbn = {1-58113-096-1},
 location = {Berkeley, California, USA},
 pages = {50--57},
 numpages = {8},
 doi = {10.1145/312624.312649},
 acmid = {312649},
 publisher = {ACM},
 address = {New York, NY, USA}
} 


@article{gunawardana2005convergence,
  author    = {Asela Gunawardana and
               William Byrne},
  title     = {Convergence Theorems for Generalized Alternating Minimization Procedures},
  journal   = {Journal of Machine Learning Research},
  volume    = {6},
  pages     = {2049--2073},
  year      = {2005},
  timestamp = {Wed, 21 Feb 2007 09:15:37 +0100},
  biburl    = {https://dblp.org/rec/bib/journals/jmlr/GunawardanaB05},
  bibsource = {dblp computer science bibliography, https://dblp.org}
}

@article {csiszar:tusnady:1984,
    AUTHOR = {Csisz\'{a}r, I. and Tusn\'{a}dy, G.},
     TITLE = {Information geometry and alternating minimization procedures},
      NOTE = {Recent results in estimation theory and related topics},
   JOURNAL = {Statist. Decisions},
  FJOURNAL = {Statistics \& Decisions. International Journal for Statistical
              Theory and Related Fields},
      YEAR = {1984},
    VOLUME = {suppl. 1},
     PAGES = {205--237},
      ISSN = {0721-2631},
   MRCLASS = {60A10 (62B10 94A15)},
  MRNUMBER = {785210},
MRREVIEWER = {A. I. Dale},
}

@article{ThiessonAccelerating2001,
Author = {Thiesson, B and Meek, C and Heckerman, D},
Title = {{Accelerating {EM} for large databases}},
Journal = {{Machine Learning}},
Year = {{2001}},
Volume = {{45}},
Number = {{3}},
Pages = {{279-299}},
Publisher = {{SPRINGER}},
Address = {{VAN GODEWIJCKSTRAAT 30, 3311 GZ DORDRECHT, NETHERLANDS}},
Type = {{Article}},
Language = {{English}},
Affiliation = {{Thiesson, B (Reprint Author), Microsoft Corp, Res, 1 Microsoft Way, Redmond, WA 98052 USA.
   Microsoft Corp, Res, Redmond, WA 98052 USA.}},
DOI = {{10.1023/A:1017986506241}},
ISSN = {{0885-6125}},
}


@article{wainwright2008graphical,
  title={Graphical models, exponential families, and variational inference},
  author={Wainwright, Martin J and Jordan, Michael I and others},
  journal={Foundations and Trends{\textregistered} in Machine Learning},
  volume={1},
  number={1--2},
  pages={1--305},
  year={2008},
  publisher={Now Publishers, Inc.}
}

@article{ngChoice2003,
Author = {Ng, SK and McLachlan, GJ},
Title = {{On the choice of the number of blocks with the incremental {EM} algorithm
   for the fitting of normal mixtures}},
Journal = {{Statistics and Computing}},
Year = {{2003}},
Volume = {{13}},
Number = {{1}},
Pages = {{45-55}},
Month = {{FEB}},
DOI = {{10.1023/A:1021987710829}},
ISSN = {{0960-3174}},
ResearcherID-Numbers = {{McLachlan, Geoffrey/A-1491-2008}},
ORCID-Numbers = {{McLachlan, Geoffrey/0000-0002-5921-3145}},
Unique-ID = {{ISI:000180398600005}},
}

@article{BleiVariational2017,
Author = {Blei, David M. and Kucukelbir, Alp and McAuliffe, Jon D.},
Title = {{Variational Inference: A Review for Statisticians}},
Journal = {{Journal of the American statistical Association}},
Year = {{2017}},
Volume = {{112}},
Number = {{518}},
Pages = {{859-877}},
Month = {{JUN}},
DOI = {{10.1080/01621459.2017.1285773}},
ISSN = {{0162-1459}},
EISSN = {{1537-274X}},
Unique-ID = {{ISI:000411424400032}},
}


@incollection{xu:hsu:maleki:2016,
title = {Global Analysis of Expectation Maximization for Mixtures of Two Gaussians},
author = {Xu, Ji and Hsu, Daniel J and Maleki, Arian},
booktitle = {Advances in Neural Information Processing Systems 29},
editor = {D. D. Lee and M. Sugiyama and U. V. Luxburg and I. Guyon and R. Garnett},
pages = {2676--2684},
year = {2016},
publisher = {Curran Associates, Inc.}
}


@incollection{wang:gu:liu:2015,
title = {High Dimensional EM Algorithm: Statistical Optimization and Asymptotic Normality},
author = {Wang, Zhaoran and Gu, Quanquan and Ning, Yang and Liu, Han},
booktitle = {Advances in Neural Information Processing Systems 28},
editor = {C. Cortes and N. D. Lawrence and D. D. Lee and M. Sugiyama and R. Garnett},
pages = {2521--2529},
year = {2015},
publisher = {Curran Associates, Inc.}
}

@incollection{karimi2021two,
title = {Two-Timescale Stochastic EM Algorithms},
author = {Karimi, Belhal and Li, Ping},
conference = {International Symposium on Information Technology},
year = {2021}
}

