@article{konevcny2016federated,
  title={Federated learning: Strategies for improving communication efficiency},
  author={Kone{\v{c}}n{\`y}, Jakub and McMahan, H Brendan and Yu, Felix X and Richt{\'a}rik, Peter and Suresh, Ananda Theertha and Bacon, Dave},
  journal={arXiv preprint arXiv:1610.05492},
  year={2016}
}
@article{mcmahan2016communication,
  title={Communication-efficient learning of deep networks from decentralized data},
  author={McMahan, H Brendan and Moore, Eider and Ramage, Daniel and Hampson, Seth and others},
  journal={arXiv preprint arXiv:1602.05629},
  year={2016}
}

@article{bottou2018optimization,
  title={Optimization methods for large-scale machine learning},
  author={Bottou, L{\'e}on and Curtis, Frank E and Nocedal, Jorge},
  journal={Siam Review},
  volume={60},
  number={2},
  pages={223--311},
  year={2018},
  publisher={SIAM}
}

@article{bhagoji2018analyzing,
  title={Analyzing federated learning through an adversarial lens},
  author={Bhagoji, Arjun Nitin and Chakraborty, Supriyo and Mittal, Prateek and Calo, Seraphin},
  journal={arXiv preprint arXiv:1811.12470},
  year={2018}
}
@article{khaled2019first,
  title={First Analysis of Local GD on Heterogeneous Data},
  author={Khaled, Ahmed and Mishchenko, Konstantin and Richt{\'a}rik, Peter},
  journal={arXiv preprint arXiv:1909.04715},
  year={2019}
}


@article{yang2014regret,
  title={Regret bounded by gradual variation for online convex optimization},
  author={Yang, Tianbao and Mahdavi, Mehrdad and Jin, Rong and Zhu, Shenghuo},
  journal={Machine learning},
  year={2014}
}

@article{mahdavi2012trading,
  title={Trading regret for efficiency: online convex optimization with long term constraints},
  author={Mahdavi, Mehrdad and Jin, Rong and Yang, Tianbao},
  journal={Journal of Machine Learning Research},
  volume={13},
  number={Sep},
  pages={2503--2528},
  year={2012}
}
@inproceedings{jiang2017collaborative,
  title={Collaborative deep learning in fixed topology networks},
  author={Jiang, Zhanhong and Balu, Aditya and Hegde, Chinmay and Sarkar, Soumik},
  booktitle={Advances in Neural Information Processing Systems},
  pages={5904--5914},
  year={2017}
}



@inproceedings{haddadpour2019trading,
  title={Trading Redundancy for Communication: Speeding up Distributed SGD for Non-convex Optimization},
  author={Haddadpour, Farzin and Kamani, Mohammad Mahdi and Mahdavi, Mehrdad and Cadambe, Viveck},
  booktitle={ICML},
  pages={2545--2554},
  year={2019}
}
@inproceedings{lian2017can,
  title={Can decentralized algorithms outperform centralized algorithms? a case study for decentralized parallel stochastic gradient descent},
  author={Lian, Xiangru and Zhang, Ce and Zhang, Huan and Hsieh, Cho-Jui and Zhang, Wei and Liu, Ji},
  booktitle={Advances in Neural Information Processing Systems},
  pages={5330--5340},
  year={2017}
}
@article{li2019convergence,
  title={On the Convergence of FedAvg on Non-IID Data},
  author={Li, Xiang and Huang, Kaixuan and Yang, Wenhao and Wang, Shusen and Zhang, Zhihua},
  journal={arXiv preprint arXiv:1907.02189},
  year={2019}
}

@inproceedings{ho2013more,
  title={More effective distributed ml via a stale synchronous parallel parameter server},
  author={Ho, Qirong and Cipar, James and Cui, Henggang and Lee, Seunghak and Kim, Jin Kyu and Gibbons, Phillip B and Gibson, Garth A and Ganger, Greg and Xing, Eric P},
  booktitle={Advances in neural information processing systems},
  pages={1223--1231},
  year={2013}
}

@article{nisan2001algorithmic,
  title={Algorithmic mechanism design},
  author={Nisan, Noam and Ronen, Amir},
  journal={Games and Economic behavior},
  volume={35},
  number={1-2},
  pages={166--196},
  year={2001},
  publisher={Elsevier}
}

@article{stich2018local,
  title={Local SGD converges fast and communicates little},
  author={Stich, Sebastian U},
  journal={arXiv preprint arXiv:1805.09767},
  year={2018}
}

@article{mahdavi2012trading,
  title={Trading regret for efficiency: online convex optimization with long term constraints},
  author={Mahdavi, Mehrdad and Jin, Rong and Yang, Tianbao},
  journal={Journal of Machine Learning Research},
  volume={13},
  number={Sep},
  pages={2503--2528},
  year={2012}
}



@article{li2019federated,
  title={Federated learning: Challenges, methods, and future directions},
  author={Li, Tian and Sahu, Anit Kumar and Talwalkar, Ameet and Smith, Virginia},
  journal={arXiv preprint arXiv:1908.07873},
  year={2019}
}

@article{mohri2019agnostic,
  title={Agnostic federated learning},
  author={Mohri, Mehryar and Sivek, Gary and Suresh, Ananda Theertha},
  journal={arXiv preprint arXiv:1902.00146},
  year={2019}
}

@inproceedings{multile-kernel-noisy,
  author    = {Tianbao Yang and
               Mehrdad Mahdavi and
               Rong Jin and
               Lijun Zhang and
               Yang Zhou},
  title     = {Multiple Kernel Learning from Noisy Labels by Stochastic Programming},
  booktitle = {Proceedings of the 29th International Conference on Machine Learning (ICML)},
  year      = {2012},
}
@article{linearbandit,
  title={Linear Bandits Against Low Rank Adversaries},
  author={Mahdavi, Mehrdad},
  journal={Technical report},
  year={2016}
}
@article{yang2012efficient,
  author    = {Tianbao Yang and
               Mehrdad Mahdavi and
               Rong Jin and
               Shenghuo Zhu},
  title     = {An efficient primal dual prox method for non-smooth optimization},
  journal   = {Machine Learning},
  volume    = {98},
  number    = {3},
  pages     = {369--406},
  year      = {2015}
}
@inproceedings{johnson2013accelerating,
  title={Accelerating stochastic gradient descent using predictive variance reduction},
  author={Johnson, Rie and Zhang, Tong},
  booktitle={Advances in Neural Information Processing Systems},
  pages={315--323},
  year={2013}
}
@article{mahdavi2014exploiting,
  title={Exploiting Smoothness in Statistical Learning, Sequential Prediction, and Stochastic Optimization},
  author={Mahdavi, Mehrdad},
  journal={P.h.D Thesis},
  year={2014}
}
@inproceedings{mahdavi2015lower,
  title={Lower and upper bounds on the generalization of stochastic exponentially concave optimization},
  author={Mahdavi, Mehrdad and Zhang, Lijun and Jin, Rong},
  booktitle={COLT},
  pages={1305--1320},
  year={2015}
}
@inproceedings{meshi2015smooth,
  title={Smooth and Strong: MAP Inference with Linear Convergence},
  author={Meshi, Ofer and Mahdavi, Mehrdad and Schwing, Alex},
  booktitle={Advances in Neural Information Processing Systems (NIPS)},
  pages={298--306},
  year={2015}
}
@inproceedings{meshi2016train,
  title={Train and Test Tightness of LP Relaxations in Structured Prediction},
  author={Meshi, Ofer and Mahdavi, Mehrdad and Weller, Adrian and Sontag, David},
  booktitle={Proceedings of The 33rd International Conference on Machine Learning (ICML)},
  year={2016}
}
@article{wang2016sketching,
  title={Sketching Meets Random Projection in the Dual: A Provable Recovery Algorithm for Big and High-dimensional Data},
  author={Wang, Jialei and Lee, Jason D and Mahdavi, Mehrdad and Kolar, Mladen and Srebro, Nathan},
  journal={arXiv preprint arXiv:1610.03045},
  year={2016}
}
@article{zhang2014random,
  title={Random Projections for Classification: A Recovery Approach},
  author={Zhang, Lijun and Mahdavi, Mehrdad and Jin, Rong and Yang, Tianbao and Zhu, Shenghuo},
  journal={IEEE transactions on Infromation Theory},
  volume={60},
  number={11},
  year={2014}
}
@article{forsati2014matrix,
  title={Matrix Factorization with Explicit Trust and Distrust Side Information for Improved Social Recommendation},
  author={Forsati, Rana and Mahdavi, Mehrdad and Shamsfard, Mehrnoush and Sarwat, Mohamed},
  journal={ACM Transactions on Information Systems (TOIS)},
  volume={32},
  number={4},
  pages={17},
  year={2014},
  publisher={ACM}
}
@article{chandrasekaran2013computational,
  title={Computational and statistical tradeoffs via convex relaxation},
  author={Chandrasekaran, Venkat and Jordan, Michael I},
  journal={Proceedings of the National Academy of Sciences},
  volume={110},
  number={13},
  pages={E1181--E1190},
  year={2013},
  publisher={National Acad Sciences}
}

@article{omran2008global,
  title={Global-best harmony search},
  author={Omran, Mahamed  and Mahdavi, Mehrdad},
  journal={Applied Mathematics and Computation},
  volume={198},
  number={2},
  pages={643--656},
  year={2008},
  publisher={Elsevier}
}

@article{mahdavi2007improved,
  title={An improved harmony search algorithm for solving optimization problems},
  author={Mahdavi, Mehrdad and Fesanghary, Mohammad and Damangir, E},
  journal={Applied Mathematics and Computation},
  volume={188},
  number={2},
  pages={1567--1579},
  year={2007},
  publisher={Elsevier}
}


@article{omran2008global,
  title={Global-best harmony search},
  author={Omran, Mahamed  and Mahdavi, Mehrdad},
  journal={Applied Mathematics and Computation},
  volume={198},
  number={2},
  pages={643--656},
  year={2008},
  publisher={Elsevier}
}



@article{mahdavi2009harmony,
  title={Harmony K-means algorithm for document clustering},
  author={Mahdavi, Mehrdad and Abolhassani, Hassan},
  journal={Data Mining and Knowledge Discovery},
  volume={18},
  number={3},
  pages={370--391},
  year={2009},
  publisher={Springer}
}
@inproceedings{bottou-bousquet-2008,
  author = {Bottou, L\'{e}on and Bousquet, Olivier},
  title = {The Tradeoffs of Large Scale Learning},
  booktitle = {Advances in Neural Information Processing Systems},
  pages = {161--168},
  year = {2008}
}
@inproceedings{williams2001using,
  title={Using the Nystr{\"o}m method to speed up kernel machines},
  author={Williams, Christopher and Seeger, Matthias},
  booktitle={Advances in Neural Information Processing Systems 13},
  year={2001},
  organization={Citeseer}
}
@inproceedings{rahimi2007random,
  title={Random features for large-scale kernel machines},
  author={Rahimi, Ali and Recht, Benjamin},
  booktitle={Advances in neural information processing systems},
  pages={1177--1184},
  year={2007}
}

@book{nesterov2004introductory,
  title={Introductory lectures on convex optimization: A basic course},
  author={Nesterov, Yurii},
  volume={87},
  year={2004},
  publisher={Springer}
}

@book{scholkopf2002learning,
  title={Learning with kernels},
  author={Sch{\"o}lkopf, Bernhard and Smola, Alexander J},
  year={2002},
  publisher={“The” MIT Press}
}

@book{national2013Frontiers,
  title={Frontiers in Massive Data Analysis},
  author={Committee on the Analysis of Massive Data; Committee on Applied and Theoretical Statistics; Board on Mathematical Sciences and Their Applications; Division on Engineering and Physical Sciences; National Research Council},
  isbn={9780309287784},
  url={http://www.nap.edu/openbook.php?record_id=18374},
  year={2013},
  publisher={The National Academies Press}
}

@article{mahdavi2007improved,
  title={An Improved Harmony Search Algorithm for Solving Optimization Problems},
  author={Mahdavi, Mehrdad and Fesanghary, M and Damangir, E},
  journal={Applied Mathematics and Computation},
  volume={188},
  number={2},
  pages={1567--1579},
  year={2007},
  publisher={Elsevier}
}

@article{omran2008global,
  title={Global-best harmony search},
  author={Omran, Mahamed GH and Mahdavi, Mehrdad},
  journal={Applied Mathematics and Computation},
  volume={198},
  number={2},
  pages={643--656},
  year={2008},
  publisher={Elsevier}
}

@article{forsati2008harmony,
  title={Harmony search based algorithms for bandwidth-delay-constrained least-cost multicast routing},
  author={Forsati, R and Haghighat, AT and Mahdavi, M},
  journal={Computer Communications},
  volume={31},
  number={10},
  pages={2505--2519},
  year={2008},
  publisher={Elsevier}
}

@article{mahdavi2009harmony,
  title={Harmony K-means algorithm for document clustering},
  author={Mahdavi, Mehrdad and Abolhassani, Hassan},
  journal={Data Mining and Knowledge Discovery},
  volume={18},
  number={3},
  pages={370--391},
  year={2009},
  publisher={Springer US}
}

@article{mahdavi2008novel,
  title={Novel meta-heuristic algorithms for clustering web documents},
  author={Mahdavi, Mehrdad and Chehreghani, M Haghir and Abolhassani, Hassan and Forsati, Rana},
  journal={Applied Mathematics and Computation},
  volume={201},
  number={1},
  pages={441--451},
  year={2008},
  publisher={Elsevier}
}

@inproceedings{forsati2008efficient,
  title={An efficient algorithm for bandwidth-delay constrained least cost multicast routing},
  author={Forsati, Rana and Mahdavi, Mehrdad and Haghighat, Abolfazl Torghy and Ghariniyat, A},
  booktitle={Electrical and Computer Engineering, 2008. CCECE 2008. Canadian Conference on},
  pages={001641--001646},
  year={2008},
  organization={IEEE}
}

@inproceedings{forsati2009effective,
  title={Effective page recommendation algorithms based on distributed learning automata},
  author={Forsati, Rana and Rahbar, Afsaneh and Mahdavi, Mehrdad},
  booktitle={Computing in the Global Information Technology, 2009. ICCGI'09. Fourth International Multi-Conference on},
  pages={41--46},
  year={2009},
  organization={IEEE}
}

@incollection{mahdavi2009bandwidth,
  title={Bandwidth-Delay Constrained Least Cost Multicast Routing for Multimedia Communication},
  author={Mahdavi, Mehrdad and Forsati, Rana and Movaghar, Ali},
  booktitle={Advances in Computer Science and Engineering},
  pages={737--740},
  year={2009},
  publisher={Springer Berlin Heidelberg}
}

@article{khodamoradi2007upper,
  title={Upper Bounding the Price of Anarchy in Atomic Splittable Selfish Routing},
  author={Khodamoradi, Kamyar and Mahdavi, Mehrdad and Ghodsi, Mohammad},
  year={2007}
}

@incollection{mahdavi2009solving,
  title={Solving NP-Complete Problems by Harmony Search},
  author={Mahdavi, Mehrdad},
  booktitle={Music-Inspired Harmony Search Algorithm},
  pages={53--70},
  year={2009},
  publisher={Springer Berlin Heidelberg}
}

@article{yang2011regret,
  title={Regret Bound by Variation for Online Convex Optimization},
  author={Yang, Tianbao and Mahdavi, Mehrdad and Jin, Rong and Zhu, Shenghuo},
  journal={Arxiv preprint arXiv:1111.6337},
  year={2011}
}

@article{mahdavi2011trading,
  title={Trading Regret for Efficiency: Online Convex Optimization with Long Term Constraints},
  author={Mahdavi, Mehrdad and Jin, Rong and Yang, Tianbao},
  journal={Arxiv preprint arXiv:1111.6082},
  year={2011}
}


@article{forsati2007web,
  title={Web page personalization based on distributed learning automata},
  author={Forsati, R and Meybodi, MR and Mahdavi, M},
  journal={Proc. IKT, Ferdowsi University of Mashad, Mashad, Iran},
  year={2007}
}

@article{mahdavi2012efficient,
  title={Efficient constrained regret minimization},
  author={Mahdavi, Mehrdad and Yang, Tianbao and Jin, Rong},
  journal={arXiv preprint arXiv:1205.2265},
  year={2012}
}

@article{yang2012multiple,
  title={Multiple Kernel Learning from Noisy Labels by Stochastic Programming},
  author={Yang, Tianbao and Mahdavi, Mehrdad and Jin, Rong and Zhang, Lijun and Zhou, Yang},
  journal={ICML},
  year={2012}
}

@inproceedings{chiang2012online,
  title={Online Optimization with Gradual Variations.},
  author={Yang, Tianbao  and Mahdavi, Mehrdad and  Jin, Rong and Zhu, Shenghuo},
  booktitle={Conference on Learning Theory (COLT)},
  year={2012}
}

@inproceedings{yang2012online,
  title={Online Kernel Selection: Algorithms and Evaluations.},
  author={Yang, Tianbao and Mahdavi, Mehrdad and Jin, Rong and Yi, Jinfeng and Hoi, Steven CH},
  booktitle={AAAI},
  year={2012}
}

@article{forsati2012efficient,
  title={Efficient stochastic algorithms for document clustering},
  author={Forsati, Rana and Mahdavi, Mehrdad and Shamsfard, Mehrnoosh and Reza Meybodi, Mohammad},
  journal={Information Sciences},
  year={2012},
  publisher={Elsevier}
}

@article{fesanghary2008hybridizing,
  title={Hybridizing harmony search algorithm with sequential quadratic programming for engineering optimization problems},
  author={Fesanghary, M and Mahdavi, M and Minary-Jolandan, M and Alizadeh, Y},
  journal={Computer methods in applied mechanics and engineering},
  volume={197},
  number={33},
  pages={3080--3091},
  year={2008},
  publisher={North-Holland}
}

@inproceedings{forsati2008web,
  title={Web page clustering using harmony search optimization},
  author={Forsati, Rana and Mahdavi, Mehrdad and Kangavari, Mohammadreza and Safarkhani, Banafsheh},
  booktitle={Electrical and Computer Engineering, 2008. CCECE 2008. Canadian Conference on},
  pages={001601--001604},
  year={2008},
  organization={IEEE}
}

@inproceedings{forsati2008hybridization,
  title={Hybridization of K-means and harmony search methods for web page clustering},
  author={Forsati, Rana and Meybodi, Mohammad Reza and Mahdavi, Mehrdad and Neiat, Azadeh Ghari},
  booktitle={Web Intelligence and Intelligent Agent Technology, 2008. WI-IAT'08. IEEE/WIC/ACM International Conference on},
  volume={1},
  pages={329--335},
  year={2008},
  organization={IEEE}
}

@incollection{forsati2010web,
  title={Web text mining using harmony search},
  author={Forsati, Rana and Mahdavi, Mehrdad},
  booktitle={Recent advances in harmony search algorithm},
  pages={51--64},
  year={2010},
  publisher={Springer Berlin Heidelberg}
}

@article{mahdavi2012improved,
  title={An Improved Bound for the Nystrom Method for Large Eigengap},
  author={Mahdavi, Mehrdad and Yang, Tianbao and Jin, Rong},
  journal={arXiv preprint arXiv:1209.0001},
  year={2012}
}

@inproceedings{yi2012robust,
  title={Robust Ensemble Clustering by Matrix Completion},
  author={Yi, Jinfeng and Yang, Tianbao and Jin, Rong and Jain, Anil K and Mahdavi, Mehrdad},
  booktitle={ICDM},
  year={2012},
  organization={IEEE}
}

@inproceedings{yang2012nystrom,
  title={Nystrom Method vs Random Fourier Features: A Theoretical and Empirical Comparison},
  author={Yang, Tianbao and Mahdavi, Mehrdad and Li, Yu-Feng and Jin, Rong and Zhou, Zhi-Hua},
  year={2012},
  booktitle={Advances in Neural Information Processing Systems 25 (NIPS)},
}

@inproceedings{mahdavi2012online,
  title={Online Decision Making under Stochastic Constraints},
  author={Mahdavi, Mehrdad and Yang, Tianbao and Jin, Rong},
  booktitle={Discrete Optimization in Machine Learning (DISCML), NIPS 2012 Workshop},
  year={2012}
}

@article{mahdavi2012trading,
  title={Trading Regret for Efficiency: Online Convex Optimization with Long Term Constraints},
  author={Mahdavi, Mehrdad and Jin, Rong and Yang, Tianbao},
  journal={Journal of Machine Learning Research (JMLR)},
  volume={13},
  pages={2503--2528},
  year={2012},
  publisher={MIT Press}
}

@inproceedings{mahdavi2012stochastic,
  title={Stochastic Gradient Descent with Only One Projection},
  author={Mahdavi, Mehrdad and Yang, Tianbao and Jin, Rong and Zhu, Shenghuo and Yi, Jinfeng},
  booktitle={Advances in Neural Information Processing Systems 25 (NIPS)},
  year={2012}
}

@article{mahdavi2012online,
  title={Online Stochastic Optimization with Multiple Objectives},
  author={Mahdavi, Mehrdad and Yang, Tianbao and Jin, Rong},
  journal={arXiv preprint arXiv:1211.6013},
  year={2012}
}


@article{jin2013sparse,
  title={Sparse Multiple Kernel Learning with Geometric Convergence Rate},
  author={Jin, Rong and Yang, Tianbao and Mahdavi, Mehrdad},
  journal={arXiv preprint arXiv:1302.0315},
  year={2013}
}


@inproceedings{zhang2013recovering,
  title={Recovering the Optimal Solution by Dual Random Projection},
  author={Zhang, Lijun and Mahdavi, Mehrdad and Jin, Rong and Yang, Tianbao},
  booktitle={Conference on Learning Theory (COLT)},
  year={2013}
}


@inproceedings{mahdavi2013passive,
  title={Passive Learning with Target Risk},
  author={Mahdavi, Mehrdad and Jin, Rong},
  booktitle={Conference on Learning Theory (COLT)},
  year={2013}
}

@article{mahdavi2012high,
  title={High Probability Bounds for Bandit Stochastic and Adversarial Strongly Convex Optimization},
  author={Mahdavi, Mehrdad and Jin, Rong},
  year={2012}
}




@inproceedings{mahdavi2013multi,
  title={Stochastic Convex Optimization with Multiple Objectives},
  author={Mahdavi, Mehrdad and Yang, Tianbao and Jin, Rong},
  booktitle={Advances in Neural Information Processing Systems 26 (NIPS)},
  year={2013}
}


@inproceedings{mahdavi2013condition,
  title={Linear Convergence with Condition Number Independent Access of Full Gradients},
  author={Zhang, Lijun and Mahdavi, Mehrdad and Jin, Rong},
  booktitle={Advances in Neural Information Processing Systems 26 (NIPS)},
  year={2013}
}


@inproceedings{mahdavi2013mixedgrad,
  title={Mixed Optimization for Smooth Functions},
  author={Mahdavi, Mehrdad and Zhang, Lijun and Jin, Rong},
  booktitle={Advances in Neural Information Processing Systems 26 (NIPS)},
  year={2013}
}

@article{jin2012improved,
  title={Improved Bounds for the Nystrom Method with Application to Kernel Classification},
  author={Jin, Rong and Yang, Tianbao and Mahdavi, Mehrdad and Li, Y and Zhou, Z},
  year={2013},
  journal={IEEE Transaction on Information Theory},
  publisher={IEEE}
}

@article{yang2013regret,
  title={Regret bounded by gradual variation for online convex optimization},
  author={Yang, Tianbao and Mahdavi, Mehrdad and Jin, Rong and Zhu, Shenghuo},
  journal={Machine Learning},
  pages={1--41},
  year={2013},
  publisher={Springer US}
}

@article{wang2018cooperative,
  title={Cooperative SGD: A unified framework for the design and analysis of communication-efficient SGD algorithms},
  author={Wang, Jianyu and Joshi, Gauri},
  journal={arXiv preprint arXiv:1808.07576},
  year={2018}
}
@inproceedings{haddadpour2018cross,
  title={Cross-iteration coded computing},
  author={Haddadpour, Farzin and Yang, Yaoqing and Cadambe, Viveck and Grover, Pulkit},
  booktitle={2018 56th Annual Allerton Conference on Communication, Control, and Computing (Allerton)},
  pages={196--203},
  year={2018},
  organization={IEEE}
}

@article{yu2018parallel,
  title={Parallel restarted SGD for non-convex optimization with faster convergence and less communication},
  author={Yu, Hao and Yang, Sen and Zhu, Shenghuo},
  journal={arXiv preprint arXiv:1807.06629},
  year={2018}
}



@inproceedings{mcdonald2009efficient,
  title={Efficient large-scale distributed training of conditional maximum entropy models},
  author={Mcdonald, Ryan and Mohri, Mehryar and Silberman, Nathan and Walker, Dan and Mann, Gideon S},
  booktitle={Advances in Neural Information Processing Systems},
  pages={1231--1239},
  year={2009}
}

@inproceedings{zinkevich2010parallelized,
  title={Parallelized stochastic gradient descent},
  author={Zinkevich, Martin and Weimer, Markus and Li, Lihong and Smola, Alex J},
  booktitle={Advances in neural information processing systems},
  pages={2595--2603},
  year={2010}
}

@inproceedings{zhang2012communication,
  title={Communication-efficient algorithms for statistical optimization},
  author={Zhang, Yuchen and Wainwright, Martin J and Duchi, John C},
  booktitle={Advances in Neural Information Processing Systems},
  pages={1502--1510},
  year={2012}
}

@article{mcwilliams2014loco,
  title={LOCO: Distributing ridge regression with random projections},
  author={McWilliams, Brian and Heinze, Christina and Meinshausen, Nicolai and Krummenacher, Gabriel and Vanchinathan, Hastagiri P},
  journal={stat},
  volume={1050},
  pages={26},
  year={2014},
  publisher={Citeseer}
}

@inproceedings{heinze2016dual,
  title={Dual-loco: Distributing statistical estimation using random projections},
  author={Heinze, Christina and McWilliams, Brian and Meinshausen, Nicolai},
  booktitle={Artificial Intelligence and Statistics},
  pages={875--883},
  year={2016}
}

@inproceedings{shamir2014communication,
  title={Communication-efficient distributed optimization using an approximate newton-type method},
  author={Shamir, Ohad and Srebro, Nati and Zhang, Tong},
  booktitle={International conference on machine learning},
  pages={1000--1008},
  year={2014}
}

@inproceedings{balcan2012distributed,
  title={Distributed learning, communication complexity and privacy},
  author={Balcan, Maria Florina and Blum, Avrim and Fine, Shai and Mansour, Yishay},
  booktitle={Conference on Learning Theory},
  pages={26--1},
  year={2012}
}

@inproceedings{arjevani2015communication,
  title={Communication complexity of distributed convex learning and optimization},
  author={Arjevani, Yossi and Shamir, Ohad},
  booktitle={Advances in neural information processing systems},
  pages={1756--1764},
  year={2015}
}

@article{lee2017distributed,
  title={Distributed stochastic variance reduced gradient methods by sampling extra data with replacement},
  author={Lee, Jason D and Lin, Qihang and Ma, Tengyu and Yang, Tianbao},
  journal={The Journal of Machine Learning Research},
  volume={18},
  number={1},
  pages={4404--4446},
  year={2017},
  publisher={JMLR. org}
}
@inproceedings{kang2009pegasus,
  title={Pegasus: A peta-scale graph mining system implementation and observations},
  author={Kang, U and Tsourakakis, Charalampos E and Faloutsos, Christos},
  booktitle={Data Mining, 2009. ICDM'09. Ninth IEEE International Conference on},
  pages={229--238},
  year={2009},
  organization={IEEE}
}
@article{gleich2004fast,
  title={Fast parallel PageRank: A linear system approach},
  author={Gleich, David and Zhukov, Leonid and Berkhin, Pavel},
  journal={Yahoo! Research Technical Report YRL-2004-038, available via http://research. yahoo. com/publication/YRL-2004-038. pdf},
  volume={13},
  pages={22},
  year={2004}
}

@article{yin2017gradient,
  title={Gradient diversity: a key ingredient for scalable distributed learning},
  author={Yin, Dong and Pananjady, Ashwin and Lam, Max and Papailiopoulos, Dimitris and Ramchandran, Kannan and Bartlett, Peter},
  journal={arXiv preprint arXiv:1706.05699},
  year={2017}
}

@inproceedings{zhang2015disco,
  title={DiSCO: Distributed optimization for self-concordant empirical loss},
  author={Zhang, Yuchen and Lin, Xiao},
  booktitle={International conference on machine learning},
  pages={362--370},
  year={2015}
}

@article{ma2015adding,
  title={Adding vs. averaging in distributed primal-dual optimization},
  author={Ma, Chenxin and Smith, Virginia and Jaggi, Martin and Jordan, Michael I and Richt{\'a}rik, Peter and Tak{\'a}{\v{c}}, Martin},
  journal={arXiv preprint arXiv:1502.03508},
  year={2015}
}

@book{nesterov2013introductory,
  title={Introductory lectures on convex optimization: A basic course},
  author={Nesterov, Yurii},
  volume={87},
  year={2013},
  publisher={Springer Science \& Business Media}
}

@inproceedings{demmel2008avoiding,
  title={Avoiding communication in sparse matrix computations},
  author={Demmel, James and Hoemmen, Mark and Mohiyuddin, Marghoob and Yelick, Katherine},
  booktitle={Parallel and Distributed Processing, 2008. IPDPS 2008. IEEE International Symposium on},
  pages={1--12},
  year={2008},
  organization={IEEE}
}

@article{demmel2012communication,
  title={Communication-optimal parallel and sequential QR and LU factorizations},
  author={Demmel, James and Grigori, Laura and Hoemmen, Mark and Langou, Julien},
  journal={SIAM Journal on Scientific Computing},
  volume={34},
  number={1},
  pages={A206--A239},
  year={2012},
  publisher={SIAM}
}

@inproceedings{wicky2017communication,
  title={Communication-avoiding parallel algorithms for solving triangular systems of linear equations},
  author={Wicky, Tobias and Solomonik, Edgar and Hoefler, Torsten},
  booktitle={Parallel and Distributed Processing Symposium (IPDPS), 2017 IEEE International},
  pages={678--687},
  year={2017},
  organization={IEEE}
}

@inproceedings{lipshitz2012communication,
  title={Communication-avoiding parallel strassen: Implementation and performance},
  author={Lipshitz, Benjamin and Ballard, Grey and Demmel, James and Schwartz, Oded},
  booktitle={Proceedings of the International Conference on High Performance Computing, Networking, Storage and Analysis},
  pages={101},
  year={2012},
  organization={IEEE Computer Society Press}
}


@ARTICLE{PolyLin,
   author = {{Haddadpour}, F. and {Yang}, Y. and {Chaudhari}, M. and {Cadambe}, V.~R and 
	{Grover}, P.},
    title = "{Straggler-Resilient and Communication-Efficient Distributed Iterative Linear Solver}",
  journal = {ArXiv e-prints},
   note = {1806.06140},
     year = 2018,
    month = jun,
}

@article{dean2013tail,
  title={The tail at scale},
  author={Dean, Jeffrey and Barroso, Luiz Andr{\'e}},
  journal={Communications of the ACM},
  volume={56},
  number={2},
  pages={74--80},
  year={2013},
  publisher={ACM}
}

@inproceedings{li2015coded,
  title={Coded mapreduce},
  author={Li, Songze and Maddah-Ali, Mohammad Ali and Avestimehr, A Salman},
  booktitle={Communication, Control, and Computing (Allerton), 2015 53rd Annual Allerton Conference on},
  pages={964--971},
  year={2015},
  organization={IEEE}
}

@inproceedings{karimi2016linear,
  title={Linear convergence of gradient and proximal-gradient methods under the polyak-{\l}ojasiewicz condition},
  author={Karimi, Hamed and Nutini, Julie and Schmidt, Mark},
  booktitle={Joint European Conference on Machine Learning and Knowledge Discovery in Databases},
  pages={795--811},
  year={2016},
  organization={Springer}
}

@inproceedings{li2016fundamental,
  title={Fundamental tradeoff between computation and communication in distributed computing},
  author={Li, Songze and Maddah-Ali, Mohammad Ali and Avestimehr, A Salman},
  booktitle={Information Theory (ISIT), 2016 IEEE International Symposium on},
  pages={1814--1818},
  year={2016},
  organization={IEEE}
}


@article{zhang2016parallel,
  title={Parallel SGD: When does averaging help?},
  author={Zhang, Jian and De Sa, Christopher and Mitliagkas, Ioannis and R{\'e}, Christopher},
  journal={arXiv preprint arXiv:1606.07365},
  year={2016}
}

@article{wang2018adaptive,
  title={Adaptive Communication Strategies to Achieve the Best Error-Runtime Trade-off in Local-Update SGD},
  author={Wang, Jianyu and Joshi, Gauri},
  journal={arXiv preprint arXiv:1810.08313},
  year={2018}
}
@article{lin2018don,
  title={Don't Use Large Mini-Batches, Use Local SGD},
  author={Lin, Tao and Stich, Sebastian U and Jaggi, Martin},
  journal={arXiv preprint arXiv:1808.07217},
  year={2018}
}

@inproceedings{seide20141,
  title={1-bit stochastic gradient descent and its application to data-parallel distributed training of speech dnns},
  author={Seide, Frank and Fu, Hao and Droppo, Jasha and Li, Gang and Yu, Dong},
  booktitle={Fifteenth Annual Conference of the International Speech Communication Association},
  year={2014}
}

@inproceedings{alistarh2017qsgd,
  title={QSGD: Communication-efficient SGD via gradient quantization and encoding},
  author={Alistarh, Dan and Grubic, Demjan and Li, Jerry and Tomioka, Ryota and Vojnovic, Milan},
  booktitle={Advances in Neural Information Processing Systems},
  pages={1709--1720},
  year={2017}
}

@inproceedings{zhang2017zipml,
  title={Zipml: Training linear models with end-to-end low precision, and a little bit of deep learning},
  author={Zhang, Hantian and Li, Jerry and Kara, Kaan and Alistarh, Dan and Liu, Ji and Zhang, Ce},
  booktitle={Proceedings of the 34th International Conference on Machine Learning-Volume 70},
  pages={4035--4043},
  year={2017},
  organization={JMLR. org}
}


@article{lin2017deep,
  title={Deep gradient compression: Reducing the communication bandwidth for distributed training},
  author={Lin, Yujun and Han, Song and Mao, Huizi and Wang, Yu and Dally, William J},
  journal={arXiv preprint arXiv:1712.01887},
  year={2017}
}

@inproceedings{abadi2016tensorflow,
  title={Tensorflow: A system for large-scale machine learning},
  author={Abadi, Mart{\'\i}n and Barham, Paul and Chen, Jianmin and Chen, Zhifeng and Davis, Andy and Dean, Jeffrey and Devin, Matthieu and Ghemawat, Sanjay and Irving, Geoffrey and Isard, Michael and others},
  booktitle={12th $\{$USENIX$\}$ Symposium on Operating Systems Design and Implementation ($\{$OSDI$\}$ 16)},
  pages={265--283},
  year={2016}
}

@article{paszke2017automatic,
  title={Automatic differentiation in pytorch},
  author={Paszke, Adam and Gross, Sam and Chintala, Soumith and Chanan, Gregory and Yang, Edward and DeVito, Zachary and Lin, Zeming and Desmaison, Alban and Antiga, Luca and Lerer, Adam},
  year={2017}
}

@inproceedings{Seide2016CNTKMO,
  title={CNTK: Microsoft's Open-Source Deep-Learning Toolkit},
  author={Frank Seide and Amit Agarwal},
  booktitle={KDD},
  year={2016}
}
@inproceedings{recht2011hogwild,
  title={Hogwild: A lock-free approach to parallelizing stochastic gradient descent},
  author={Recht, Benjamin and Re, Christopher and Wright, Stephen and Niu, Feng},
  booktitle={Advances in neural information processing systems},
  pages={693--701},
  year={2011}
}

@inproceedings{de2015taming,
  title={Taming the wild: A unified analysis of hogwild-style algorithms},
  author={De Sa, Christopher M and Zhang, Ce and Olukotun, Kunle and R{\'e}, Christopher},
  booktitle={Advances in neural information processing systems},
  pages={2674--2682},
  year={2015}
}

@inproceedings{lian2015asynchronous,
  title={Asynchronous parallel stochastic gradient for nonconvex optimization},
  author={Lian, Xiangru and Huang, Yijun and Li, Yuncheng and Liu, Ji},
  booktitle={Advances in Neural Information Processing Systems},
  pages={2737--2745},
  year={2015}
}

@inproceedings{agarwal2011distributed,
  title={Distributed delayed stochastic optimization},
  author={Agarwal, Alekh and Duchi, John C},
  booktitle={Advances in Neural Information Processing Systems},
  pages={873--881},
  year={2011}
}
@inproceedings{zhou2018distributed,
  title={Distributed Asynchronous Optimization with Unbounded Delays: How Slow Can You Go?},
  author={Zhou, Zhengyuan and Mertikopoulos, Panayotis and Bambos, Nicholas and Glynn, Peter W and Ye, Yinyu and Li, Li-Jia and Li, Fei-Fei},
  booktitle={ICML 2018-35th International Conference on Machine Learning},
  pages={1--10},
  year={2018}
}

@article{chen2016revisiting,
  title={Revisiting distributed synchronous SGD},
  author={Chen, Jianmin and Pan, Xinghao and Monga, Rajat and Bengio, Samy and Jozefowicz, Rafal},
  journal={arXiv preprint arXiv:1604.00981},
  year={2016}
}

@inproceedings{gupta2015deep,
  title={Deep learning with limited numerical precision},
  author={Gupta, Suyog and Agrawal, Ankur and Gopalakrishnan, Kailash and Narayanan, Pritish},
  booktitle={International Conference on Machine Learning},
  pages={1737--1746},
  year={2015}
}

@inproceedings{na2017chip,
  title={On-chip training of recurrent neural networks with limited numerical precision},
  author={Na, Taesik and Ko, Jong Hwan and Kung, Jaeha and Mukhopadhyay, Saibal},
  booktitle={2017 International Joint Conference on Neural Networks (IJCNN)},
  pages={3716--3723},
  year={2017},
  organization={IEEE}
}

@inproceedings{wangni2018gradient,
  title={Gradient sparsification for communication-efficient distributed optimization},
  author={Wangni, Jianqiao and Wang, Jialei and Liu, Ji and Zhang, Tong},
  booktitle={Advances in Neural Information Processing Systems},
  pages={1299--1309},
  year={2018}
}

@inproceedings{wen2017terngrad,
  title={Terngrad: Ternary gradients to reduce communication in distributed deep learning},
  author={Wen, Wei and Xu, Cong and Yan, Feng and Wu, Chunpeng and Wang, Yandan and Chen, Yiran and Li, Hai},
  booktitle={Advances in neural information processing systems},
  pages={1509--1519},
  year={2017}
}

@article{bernstein2018signsgd,
  title={signSGD: Compressed optimisation for non-convex problems},
  author={Bernstein, Jeremy and Wang, Yu-Xiang and Azizzadenesheli, Kamyar and Anandkumar, Anima},
  journal={arXiv preprint arXiv:1802.04434},
  year={2018}
}


@inproceedings{strom2015scalable,
  title={Scalable distributed DNN training using commodity GPU cloud computing},
  author={Strom, Nikko},
  booktitle={Sixteenth Annual Conference of the International Speech Communication Association},
  year={2015}
}

@inproceedings{dryden2016communication,
  title={Communication quantization for data-parallel training of deep neural networks},
  author={Dryden, Nikoli and Moon, Tim and Jacobs, Sam Ade and Van Essen, Brian},
  booktitle={2016 2nd Workshop on Machine Learning in HPC Environments (MLHPC)},
  pages={1--8},
  year={2016},
  organization={IEEE}
}


@article{aji2017sparse,
  title={Sparse communication for distributed gradient descent},
  author={Aji, Alham Fikri and Heafield, Kenneth},
  journal={arXiv preprint arXiv:1704.05021},
  year={2017}
}

@inproceedings{sun2017meprop,
  title={meprop: Sparsified back propagation for accelerated deep learning with reduced overfitting},
  author={Sun, Xu and Ren, Xuancheng and Ma, Shuming and Wang, Houfeng},
  booktitle={Proceedings of the 34th International Conference on Machine Learning-Volume 70},
  pages={3299--3308},
  year={2017},
  organization={JMLR. org}
}


@inproceedings{stich2018sparsified,
  title={Sparsified sgd with memory},
  author={Stich, Sebastian U and Cordonnier, Jean-Baptiste and Jaggi, Martin},
  booktitle={Advances in Neural Information Processing Systems},
  pages={4447--4458},
  year={2018}
}


@inproceedings{mcdonald2010distributed,
  title={Distributed training strategies for the structured perceptron},
  author={McDonald, Ryan and Hall, Keith and Mann, Gideon},
  booktitle={Human Language Technologies: The 2010 Annual Conference of the North American Chapter of the Association for Computational Linguistics},
  pages={456--464},
  year={2010},
  organization={Association for Computational Linguistics}
}


@inproceedings{shamir2014distributed,
  title={Distributed stochastic optimization and learning},
  author={Shamir, Ohad and Srebro, Nathan},
  booktitle={2014 52nd Annual Allerton Conference on Communication, Control, and Computing (Allerton)},
  pages={850--857},
  year={2014},
  organization={IEEE}
}

@article{godichon2017rates,
  title={On the rates of convergence of parallelized averaged stochastic gradient algorithms},
  author={Godichon-Baggioni, Antoine and Saadane, Sofiane},
  journal={arXiv preprint arXiv:1710.07926},
  year={2017}
}

@article{jain2018parallelizing,
  title={Parallelizing stochastic gradient descent for least squares regression: mini-batching, averaging, and model misspecification},
  author={Jain, Prateek and Kakade, Sham M and Kidambi, Rahul and Netrapalli, Praneeth and Sidford, Aaron},
  journal={Journal of Machine Learning Research},
  volume={18},
  number={223},
  pages={1--42},
  year={2018}
}




@article{povey2014parallel,
  title={Parallel training of DNNs with natural gradient and parameter averaging},
  author={Povey, Daniel and Zhang, Xiaohui and Khudanpur, Sanjeev},
  journal={arXiv preprint arXiv:1410.7455},
  year={2014}
}

@inproceedings{chen2016scalable,
  title={Scalable training of deep learning machines by incremental block training with intra-block parallel optimization and blockwise model-update filtering},
  author={Chen, Kai and Huo, Qiang},
  booktitle={2016 ieee international conference on acoustics, speech and signal processing (icassp)},
  pages={5880--5884},
  year={2016},
  organization={IEEE}
}


@article{su2015experiments,
  title={Experiments on parallel training of deep neural network using model averaging},
  author={Su, Hang and Chen, Haoyu},
  journal={arXiv preprint arXiv:1507.01239},
  year={2015}
}

@inproceedings{kamp2018efficient,
  title={Efficient decentralized deep learning by dynamic model averaging},
  author={Kamp, Michael and Adilova, Linara and Sicking, Joachim and H{\"u}ger, Fabian and Schlicht, Peter and Wirtz, Tim and Wrobel, Stefan},
  booktitle={Joint European Conference on Machine Learning and Knowledge Discovery in Databases},
  pages={393--409},
  year={2018},
  organization={Springer}
}

@article{zhou2017convergence,
  title={On the convergence properties of a $ K $-step averaging stochastic gradient descent algorithm for nonconvex optimization},
  author={Zhou, Fan and Cong, Guojing},
  journal={arXiv preprint arXiv:1708.01012},
  year={2017}
}

@article{dekel2012optimal,
  title={Optimal distributed online prediction using mini-batches},
  author={Dekel, Ofer and Gilad-Bachrach, Ran and Shamir, Ohad and Xiao, Lin},
  journal={Journal of Machine Learning Research},
  volume={13},
  number={Jan},
  pages={165--202},
  year={2012}
}

@article{dynamicminibatch,
  title={On the Computation and Communication Complexity of Parallel SGD with Dynamic Batch Sizes for Stochastic Non-Convex Optimization},
  author={Yu, Hao and Jin, Rong},
  journal={arXiv preprint arXiv:1905.04346},
  year={2019}
}

@article{you2017scaling,
  title={Scaling sgd batch size to 32k for imagenet training},
  author={You, Yang and Gitman, Igor and Ginsburg, Boris},
  year={2017}
}

@article{goyal2017accurate,
  title={Accurate, large minibatch sgd: Training imagenet in 1 hour},
  author={Goyal, Priya and Doll{\'a}r, Piotr and Girshick, Ross and Noordhuis, Pieter and Wesolowski, Lukasz and Kyrola, Aapo and Tulloch, Andrew and Jia, Yangqing and He, Kaiming},
  journal={arXiv preprint arXiv:1706.02677},
  year={2017}
}

@article{keskar2016large,
  title={On large-batch training for deep learning: Generalization gap and sharp minima},
  author={Keskar, Nitish Shirish and Mudigere, Dheevatsa and Nocedal, Jorge and Smelyanskiy, Mikhail and Tang, Ping Tak Peter},
  journal={arXiv preprint arXiv:1609.04836},
  year={2016}
}

@article{golmant2018computational,
  title={On the Computational Inefficiency of Large Batch Sizes for Stochastic Gradient Descent},
  author={Golmant, Noah and Vemuri, Nikita and Yao, Zhewei and Feinberg, Vladimir and Gholami, Amir and Rothauge, Kai and Mahoney, Michael W and Gonzalez, Joseph},
  journal={arXiv preprint arXiv:1811.12941},
  year={2018}
}

@article{ma2017power,
  title={The power of interpolation: Understanding the effectiveness of SGD in modern over-parametrized learning},
  author={Ma, Siyuan and Bassily, Raef and Belkin, Mikhail},
  journal={arXiv preprint arXiv:1712.06559},
  year={2017}
}
@article{yu2019linear,
  title={On the Linear Speedup Analysis of Communication Efficient Momentum SGD for Distributed Non-Convex Optimization},
  author={Yu, Hao and Jin, Rong and Yang, Sen},
  journal={arXiv preprint arXiv:1905.03817},
  year={2019}
}

@techreport{friedlander2011hybrid,
  title={Hybrid Deterministic-Stochastic Methods for Data Fitting},
  author={Friedlander, Michael P and Schmidt, Mark},
  year={2011}
}



@article{sahu2018convergence,
  title={On the convergence of federated optimization in heterogeneous networks},
  author={Sahu, Anit Kumar and Li, Tian and Sanjabi, Maziar and Zaheer, Manzil and Talwalkar, Ameet and Smith, Virginia},
  journal={arXiv preprint arXiv:1812.06127},
  year={2018}
}


@article{liang2019variance,
  title={Variance Reduced Local SGD with Lower Communication Complexity},
  author={Liang, Xianfeng and Shen, Shuheng and Liu, Jingchang and Pan, Zhen and Chen, Enhong and Cheng, Yifei},
  journal={arXiv preprint arXiv:1912.12844},
  year={2019}
}



@article{haddadpour2019local,
  title={Local SGD with Periodic Averaging: Tighter Analysis and Adaptive Synchronization},
  author={Haddadpour,Farzin and Kamani, Mohammad Mahdi and Mahdavi, Mehrdad and Cadambe, Viveck},
  journal={Advances in Neural Information Processing Systems},
  year={2019}
}




@article{guha2019one,
  title={One-Shot Federated Learning},
  author={Guha, Neel and Talwlkar, Ameet and Smith, Virginia},
  journal={arXiv preprint arXiv:1902.11175},
  year={2019}
}

@article{caldas2018leaf,
  title={Leaf: A benchmark for federated settings},
  author={Caldas, Sebastian and Wu, Peter and Li, Tian and Kone{\v{c}}n{\`y}, Jakub and McMahan, H Brendan and Smith, Virginia and Talwalkar, Ameet},
  journal={arXiv preprint arXiv:1812.01097},
  year={2018}
}
@inproceedings{smith2017federated,
  title={Federated multi-task learning},
  author={Smith, Virginia and Chiang, Chao-Kai and Sanjabi, Maziar and Talwalkar, Ameet S},
  booktitle={Advances in Neural Information Processing Systems},
  pages={4424--4434},
  year={2017}
}


@article{li2019fair,
  title={Fair Resource Allocation in Federated Learning},
  author={Li, Tian and Sanjabi, Maziar and Smith, Virginia},
  journal={arXiv preprint arXiv:1905.10497},
  year={2019}
}


@article{li2019communication,
  title={Communication Efficient Decentralized Training with Multiple Local Updates},
  author={Li, Xiang and Yang, Wenhao and Wang, Shusen and Zhang, Zhihua},
  journal={arXiv preprint arXiv:1910.09126},
  year={2019}
}

@inproceedings{yin2018gradient,
  title={Gradient Diversity: a Key Ingredient for Scalable Distributed Learning},
  author={Yin, Dong and Pananjady, Ashwin and Lam, Max and Papailiopoulos, Dimitris and Ramchandran, Kannan and Bartlett, Peter},
  booktitle={International Conference on Artificial Intelligence and Statistics},
  pages={1998--2007},
  year={2018}
}

@article{karimireddy2019scaffold,
  title={SCAFFOLD: Stochastic Controlled Averaging for On-Device Federated Learning},
  author={Karimireddy, Sai Praneeth and Kale, Satyen and Mohri, Mehryar and Reddi, Sashank J and Stich, Sebastian U and Suresh, Ananda Theertha},
  journal={arXiv preprint arXiv:1910.06378},
  year={2019}
}

@article{wang2019matcha,
  title={MATCHA: Speeding Up Decentralized SGD via Matching Decomposition Sampling},
  author={Wang, Jianyu and Sahu, Anit Kumar and Yang, Zhouyi and Joshi, Gauri and Kar, Soummya},
  journal={arXiv preprint arXiv:1905.09435},
  year={2019}
}

@article{sievert2019improving,
  title={Improving the convergence of SGD through adaptive batch sizes},
  author={Sievert, Scott and Charles, Zachary},
  journal={arXiv preprint arXiv:1910.08222},
  year={2019}
}

@article{reisizadeh2019fedpaq,
  title={Fedpaq: A communication-efficient federated learning method with periodic averaging and quantization},
  author={Reisizadeh, Amirhossein and Mokhtari, Aryan and Hassani, Hamed and Jadbabaie, Ali and Pedarsani, Ramtin},
  journal={arXiv preprint arXiv:1909.13014},
  year={2019}
}

@article{karimireddy2019scaffold,
  title={SCAFFOLD: Stochastic controlled averaging for on-device federated learning},
  author={Karimireddy, Sai Praneeth and Kale, Satyen and Mohri, Mehryar and Reddi, Sashank J and Stich, Sebastian U and Suresh, Ananda Theertha},
  journal={arXiv preprint arXiv:1910.06378},
  year={2019}
}


@article{reddi2020adaptive,
  title={Adaptive Federated Optimization},
  author={Reddi, Sashank and Charles, Zachary and Zaheer, Manzil and Garrett, Zachary and Rush, Keith and Kone{\v{c}}n{\`y}, Jakub and Kumar, Sanjiv and McMahan, H Brendan},
  journal={arXiv preprint arXiv:2003.00295},
  year={2020}
}

@inproceedings{ivkin2019communication,
  title={Communication-efficient distributed sgd with sketching},
  author={Ivkin, Nikita and Rothchild, Daniel and Ullah, Enayat and Stoica, Ion and Arora, Raman and others},
  booktitle={Advances in Neural Information Processing Systems},
  pages={13144--13154},
  year={2019}
}
%\end{filecontents}
@article{li2019privacy,
  title={Privacy for Free: Communication-Efficient Learning with Differential Privacy Using Sketches},
  author={Li, Tian and Liu, Zaoxing and Sekar, Vyas and Smith, Virginia},
  journal={arXiv preprint arXiv:1911.00972},
  year={2019}
}

@inproceedings{ivkin2019communication,
  title={Communication-efficient distributed sgd with sketching},
  author={Ivkin, Nikita and Rothchild, Daniel and Ullah, Enayat and Stoica, Ion and Arora, Raman and others},
  booktitle={Advances in Neural Information Processing Systems},
  pages={13144--13154},
  year={2019}
}
@article{horvath2020better,
  title={A Better Alternative to Error Feedback for Communication-Efficient Distributed Learning},
  author={Horv{\'a}th, Samuel and Richt{\'a}rik, Peter},
  journal={arXiv preprint arXiv:2006.11077},
  year={2020}
}
@article{haddadpour2020federated,
  title={Federated Learning with Compression: Unified Analysis and Sharp Guarantees},
  author={Haddadpour, Farzin and Kamani, Mohammad Mahdi and Mokhtari, Aryan and Mahdavi, Mehrdad},
  journal={arXiv preprint arXiv:2007.01154},
  year={2020}
}

@misc{wiki:xxx,
  author = {},
  title = "Quartic function
 --- {W}ikipedia{,} The Free Encyclopedia",
  year = "",
  url = "https://en.wikipedia.org/wiki/Quartic_function",
  note = ""
}