@misc{Authors14,
 author = {FirstName LastName},
 title = {The frobnicatable foo filter},
 note = {Face and Gesture submission ID 324. Supplied as supplemental material {\tt fg324.pdf}},
 year = 2014
}

@misc{Authors14b,
 author = {FirstName LastName},
 title = {Frobnication tutorial},
 note = {Supplied as supplemental material {\tt tr.pdf}},
 year = 2014
}

@article{Alpher02,
author = {FirstName Alpher},
title = {Frobnication},
journal = PAMI,
volume = 12,
number = 1,
pages = {234--778},
year = 2002
}

@article{Alpher03,
author = {FirstName Alpher and  FirstName Fotheringham-Smythe},
title = {Frobnication revisited},
journal = {Journal of Foo},
volume = 13,
number = 1,
pages = {234--778},
year = 2003
}

@article{Alpher04,
author = {FirstName Alpher and FirstName Fotheringham-Smythe and FirstName Gamow},
title = {Can a machine frobnicate?},
journal = {Journal of Foo},
volume = 14,
number = 1,
pages = {234--778},
year = 2004
}

@inproceedings{Alpher05,
author = {FirstName Alpher and FirstName Gamow},
title = {Can a computer frobnicate?},
booktitle = CVPR,
pages = {234--778},
year = 2005
}

@inproceedings{acne,
  title={{ACNe: Attentive Context Normalization for Robust Permutation-Equivariant Learning}},
  author={Sun, Weiwei and Jiang, Wei and Trulls, Eduard and Tagliasacchi, Andrea and Yi, Kwang Moo},
  booktitle=CVPR,
  year={2020}
}

@inproceedings{nasa,
  title = {{NASA: Neural Articulated Shape Approximation}},
  author = {Deng, Boyang and Lewis, JP and Jeruzalski, Timothy and Pons-Moll, Gerard and Hinton, Geoffrey and Norouzi, Mohammad and Tagliasacchi, Andrea},
  booktitle = ECCV,
  year = {2020}
}

@inproceedings{bspnet,
  title={{Bsp-net: Generating compact meshes via binary space partitioning}},
  author={Chen, Zhiqin and Tagliasacchi, Andrea and Zhang, Hao},
  booktitle=CVPR,
  year={2020}
}