%% This BibTeX bibliography file was created using BibDesk.
%% https://bibdesk.sourceforge.io/

%% Created for Wai Hoi To at 2019-05-21 14:56:23 +0200 


%% Saved with string encoding Unicode (UTF-8) 



@article{ren2020vfg,
  title={{VFG}: Variational Flow Graphical Model with Hierarchical Latent Structure},
  author={Ren, Shaogang and Zhao, Yang and \textbf{B. Karimi} and Li, Ping},
  journal={Submitted},
  pages={},
  year={2020}
}


@article{chen2020decent,
  title={Convergent Adaptive Gradient Methods in Decentralized Optimization},
  author={Chen, Xiangyi and \textbf{B. Karimi} and Zhao, Weijie and Li, Ping},
  journal={Submitted},
  pages={},
  year={2020}
}



@article{karimi2020misso,
  title={{MISSO}: Minimization by Incremental Stochastic Surrogate Optimization for Large Scale Nonconvex Problems},
  author={\textbf{B. Karimi} and Wai, Hoi-To and Moulines, Eric and Li, Ping},
  journal={Submitted},
  pages={},
  year={2020}
}


@article{karimi2020hwa,
  title={{HWA}: Hyperparameters Weight Averaging Bayesian Neural Networks},
  author={\textbf{B. Karimi} and Li, Ping},
  journal={Submitted},
  pages={},
  year={2020}
}


@article{karimi2020tts,
  title={Two Timescale Stochastic EM Algorithms},
  author={\textbf{B. Karimi} and Li, Ping},
  journal={Submitted},
  pages={},
  year={2020}
}


@article{kun2020,
  title={An Optimistic Acceleration of AMSGrad for Nonconvex Optimization},
  author={Wang, Jun-Kun and Li, Xiaoyun and \textbf{B. Karimi} and Li, Ping},
  journal={Submitted},
  pages={},
  year={2020}
}


@article{had2020,
  title={{FedSKETCH}: Communication-Efficient Federated Learning via Sketching},
  author={Haddadpour, Farzin and \textbf{B. Karimi} and Li, Ping and Li, Xiaoyun},
  journal={Submitted},
  pages={},
  year={2020}
}


@inproceedings{zhou2020towards,
  title={Towards Better Generalization of Adaptive Gradient Methods},
  author={Zhou, Yingxue and \textbf{B. Karimi} and Yu, Jinxing and Xu, Zhiqiang and Li, Ping},
  booktitle={Advances in Neural Information Processing Systems (NeurIPS)},
  pages={1-10},
  year={2020}
}



@article{karimi2019misso,
  title={A Doubly Stochastic Surrogate Optimization Scheme for Non-convex Finite-sum Problems},
  author={\textbf{B. Karimi} and Wai, Hoi-To and Moulines, Eric},
  journal={Adv. in Approx. Bayes. Inference (AABI)},
  year={2019}
}

@inproceedings{karimi2019global,
  title={On the global convergence of (fast) incremental expectation maximization methods},
  author={\textbf{B. Karimi} and Wai, Hoi-To and Moulines, Eric and Lavielle, Marc},
  booktitle={Advances in Neural Information Processing Systems (NeurIPS)},
  pages={2837--2847},
  year={2019}
}

@InProceedings{karimi2019non,
  title =    {Non-asymptotic Analysis of Biased Stochastic Approximation Scheme},
  author =   {\textbf{B. Karimi} and Miasojedow, Blazej and Moulines, Eric and Wai, Hoi-To},
  booktitle =    {Proceedings of the Thirty-Second Conference on Learning Theory (COLT) 2019},
  year =   {2019},
  publisher =    {PMLR}
}

@article{karimi2018eff,
  TITLE = {{Efficient Metropolis-Hastings sampling for nonlinear mixed effects models}},
  AUTHOR = {\textbf{B. Karimi} and Lavielle, Marc},
  JOURNAL = {{Proceedings of BAYSM 2018}},
  PUBLISHER = {{Raffaele Argiento, Daniele Durante, Sara Wade}},
  YEAR = {2018},
  PDF = {https://hal.inria.fr/hal-01958247/file/main.pdf},
  HAL_ID = {hal-01958247},
  HAL_VERSION = {v1},
}


@article{karimi2018fsaem,
  title={{f-SAEM}: A fast Stochastic Approximation of the {EM} algorithm for nonlinear mixed effects models},
  author={\textbf{B. Karimi} and Lavielle, Marc and Moulines, Eric},
  journal={Computational Statistics and Data Analysis, (CSDA)},
  year={2020}
}

@article{karimi2019convergence,
  title={On the Convergence Properties of the Mini-Batch EM and MCEM Algorithms},
  author={\textbf{B. Karimi} and Lavielle, Marc and Moulines, {\'E}ric},
    journal={HAL preprint hal: 02334485},
  year={2019}
}


@article{karimi2020anila,
  title={AniLA: Anisotropic Langevin Dynamics for training Energy-Based Models},
  author={\textbf{B. Karimi} and Xie, Jianwen and Li, Ping},
   journal={Work in progress},
  year={2020}
}


@article{karimi2020lars,
  title={Layerwise and Dimensionwise Adaptive Local AMS Method for Federated Learning},
  author={\textbf{B. Karimi} and Li, Xiaoyun and Li, Ping},
     journal={Work in progress},
  year={2020}
}



@inproceedings{karimi2017non,
  title={Bridging the gap between independent metropolis hastings and variational inference},
  author={\textbf{B. Karimi} and Lavielle, Marc and Moulines, {\'E}ric},
  booktitle={Implicit Models Workshop (ICML)},
  year={2017}
}
