@article{ghadimi2013stochastic,
	Author = {Ghadimi, Saeed and Lan, Guanghui},
	Date-Added = {2018-10-27 15:50:56 -0400},
	Date-Modified = {2018-10-27 15:50:56 -0400},
	Journal = {SIAM Journal on Optimization},
	Number = {4},
	Pages = {2341--2368},
	Publisher = {SIAM},
	Title = {Stochastic first-and zeroth-order methods for nonconvex stochastic programming},
	Volume = {23},
	Year = {2013}}

