@inproceedings{mcmahan2017communication,
  title={Communication-efficient learning of deep networks from decentralized data},
  author={McMahan, Brendan and Moore, Eider and Ramage, Daniel and Hampson, Seth and y Arcas, Blaise Aguera},
  booktitle={Artificial Intelligence and Statistics},
  pages={1273--1282},
  year={2017},
  organization={PMLR}
}


@article{konevcny2016federated,
  title={Federated learning: Strategies for improving communication efficiency},
  author={Kone{\v{c}}n{\`y}, Jakub and McMahan, H Brendan and Yu, Felix X and Richt{\'a}rik, Peter and Suresh, Ananda Theertha and Bacon, Dave},
  journal={arXiv preprint arXiv:1610.05492},
  year={2016}
}

@article{lin2017deep,
  title={Deep gradient compression: Reducing the communication bandwidth for distributed training},
  author={Lin, Yujun and Han, Song and Mao, Huizi and Wang, Yu and Dally, William J},
  journal={arXiv preprint arXiv:1712.01887},
  year={2017}
}

@inproceedings{alistarh2017qsgd,
  title={QSGD: Communication-efficient SGD via gradient quantization and encoding},
  author={Alistarh, Dan and Grubic, Demjan and Li, Jerry and Tomioka, Ryota and Vojnovic, Milan},
  booktitle={Advances in Neural Information Processing Systems},
  pages={1709--1720},
  year={2017}
}

@inproceedings{wangni2018gradient,
  title={Gradient sparsification for communication-efficient distributed optimization},
  author={Wangni, Jianqiao and Wang, Jialei and Liu, Ji and Zhang, Tong},
  booktitle={Advances in Neural Information Processing Systems},
  pages={1299--1309},
  year={2018}
}

@inproceedings{chen2020toward,
  title={Toward Communication Efficient Adaptive Gradient Method},
  author={Chen, Xiangyi and Li, Xiaoyun and Li, Ping},
  booktitle={ACM-IMS Foundations of Data Science Conference (FODS)},
  address  = {Seattle, WA},
  year={2020}
}

@article{you2019large,
  title={Large batch optimization for deep learning: Training bert in 76 minutes},
  author={You, Yang and Li, Jing and Reddi, Sashank and Hseu, Jonathan and Kumar, Sanjiv and Bhojanapalli, Srinadh and Song, Xiaodan and Demmel, James and Keutzer, Kurt and Hsieh, Cho-Jui},
  journal={arXiv preprint arXiv:1904.00962},
  year={2019}
}


@article{liu2018large,
  title={Large-scale celebfaces attributes (celeba) dataset},
  author={Liu, Ziwei and Luo, Ping and Wang, Xiaogang and Tang, Xiaoou},
  journal={Retrieved August},
  volume={15},
  number={2018},
  pages={11},
  year={2018}
}

@book{pinheiro2006mixed,
  title={Mixed-effects models in S and S-PLUS},
  author={Pinheiro, Jos{\'e} and Bates, Douglas},
  year={2006},
  publisher={Springer Science \& Business Media}
}

@article{international2009estimation,
  title={Estimation of the warfarin dose with clinical and pharmacogenetic data},
  author={International Warfarin Pharmacogenetics Consortium},
  journal={New England Journal of Medicine},
  volume={360},
  number={8},
  pages={753--764},
  year={2009},
  publisher={Mass Medical Soc}
}

@inproceedings{alistarh2017qsgd,
  title={QSGD: Communication-efficient SGD via gradient quantization and encoding},
  author={Alistarh, Dan and Grubic, Demjan and Li, Jerry and Tomioka, Ryota and Vojnovic, Milan},
  booktitle={Advances in Neural Information Processing Systems},
  pages={1709--1720},
  year={2017}
}