%% This BibTeX bibliography file was created using BibDesk.
%% https://bibdesk.sourceforge.io/

%% Created for Wai Hoi To at 2019-05-21 14:56:23 +0200 


%% Saved with string encoding Unicode (UTF-8) 

@article{karimi2019misso,
  title={A Doubly Stochastic Surrogate Optimization Scheme for Non-convex Finite-sum Problems},
  author={Karimi, Belhal and Wai, Hoi-To and Moulines, Eric},
  journal={Submitted paper},
  year={2019}
}

@article{karimi2019fiem,
  title={On the Global Convergence of (Fast) Incremental Expectation Maximization Methods},
  author={Karimi, Belhal and Wai, Hoi-To and Moulines, Eric and Lavielle, Marc},
  journal={Submitted paper},
  year={2019}
}



@InProceedings{karimi2019non,
  title =    {Non-asymptotic Analysis of Biased Stochastic Approximation Scheme},
  author =   {Karimi, Belhal and Miasojedow, Blazej and Moulines, Eric and Wai, Hoi-To},
  booktitle =    {Proceedings of the Thirty-Second Conference on Learning Theory},
  pages =    {1944--1974},
  year =   {2019},
  editor =   {Beygelzimer, Alina and Hsu, Daniel},
  volume =   {99},
  series =   {Proceedings of Machine Learning Research},
  address =    {Phoenix, USA},
  month =    {25--28 Jun},
  publisher =    {PMLR},
  pdf =    {http://proceedings.mlr.press/v99/karimi19a/karimi19a.pdf},
  url =    {http://proceedings.mlr.press/v99/karimi19a.html}
}

@article{karimi2018eff,
  TITLE = {{Efficient Metropolis-Hastings sampling for nonlinear mixed effects models}},
  AUTHOR = {Karimi, Belhal and Lavielle, Marc},
  URL = {https://hal.inria.fr/hal-01958247},
  JOURNAL = {{Proceedings of BAYSM 2018}},
  PUBLISHER = {{Raffaele Argiento, Daniele Durante, Sara Wade}},
  YEAR = {2018},
  PDF = {https://hal.inria.fr/hal-01958247/file/main.pdf},
  HAL_ID = {hal-01958247},
  HAL_VERSION = {v1},
}


@article{karimi2018fsaem,
  title={f-SAEM: A fast Stochastic Approximation of the {EM} algorithm for nonlinear mixed effects models},
  author={Karimi, Belhal and Lavielle, Marc and Moulines, Eric},
  journal={Computational Statistics and Data Analysis, CSDA},
  year={2018}
}
