@article{lecun2006tutorial,
  title={A tutorial on energy-based learning},
  author={LeCun, Yann and Chopra, Sumit and Hadsell, Raia and Ranzato, M and Huang, F},
  journal={Predicting structured data},
  volume={1},
  number={0},
  year={2006}
}

@inproceedings{ngiam2011learning,
  title={Learning deep energy models},
  author={Ngiam, Jiquan and Chen, Zhenghao and Koh, Pang W and Ng, Andrew Y},
  booktitle={Proceedings of the 28th international conference on machine learning (ICML-11)},
  year={2011}
}

@inproceedings{welling2011bayesian,
  title={Bayesian learning via stochastic gradient Langevin dynamics},
  author={Welling, Max and Teh, Yee W},
  booktitle={ICML},
  pages={681--688},
  year={2011}
}


@article{zhu1998filters,
  title={Filters, random fields and maximum entropy (FRAME): Towards a unified theory for texture modeling},
  author={Zhu, Song Chun and Wu, Yingnian and Mumford, David},
  journal={International Journal of Computer Vision},
  volume={27},
  number={2},
  pages={107--126},
  year={1998},
  publisher={Springer}
}

@inproceedings{xie2016theory,
  title={A theory of generative convnet},
  author={Xie, Jianwen and Lu, Yang and Zhu, Song-Chun and Wu, Yingnian},
  booktitle={International Conference on Machine Learning},
  pages={2635--2644},
  year={2016},
  organization={PMLR}
}

@inproceedings{xie2018learning,
  title={Learning descriptor networks for 3D shape synthesis and analysis},
  author={Xie, Jianwen and Zheng, Zilong and Gao, Ruiqi and Wang, Wenguan and Zhu, Song-Chun and Nian Wu, Ying},
  booktitle={CVPR},
  pages={8629--8638},
  year={2018}
}

@inproceedings{XieCVPR17,
  title={Synthesizing dynamic patterns by spatial-temporal generative ConvNet},
  author={Xie, Jianwen and  Zhu, Song-Chun and Wu, Ying Nian},
  booktitle={Proceedings of the IEEE Conference on Computer Vision and Pattern Recognition (CVPR)},
  pages={7093--7101},
  year={2017}
}

@article{xie2019learning,
  title={Learning energy-based spatial-temporal generative convnets for dynamic patterns},
  author={Xie, Jianwen and Zhu, Song-Chun and Wu, Ying Nian},
  journal={IEEE TPAMI},
  year={2019}
}

@inproceedings{xie2021GPointNet,
  author    = {Jianwen Xie and
               Yifei Xu and
               Zilong Zheng and
               Song{-}Chun Zhu and
               Ying Nian Wu},
  title     = {Generative PointNet: energy-based learning on unordered point sets for 3D generation, reconstruction and classification},
  booktitle   = {Proceedings of the IEEE Conference on Computer Vision and Pattern Recognition},
  year      = {2021}
}


@article{xie2018cooperative,
  title={Cooperative training of descriptor and generator networks},
  author={Xie, Jianwen and Lu, Yang and Gao, Ruiqi and Zhu, Song-Chun and Wu, Ying Nian},
  journal={IEEE Transactions on Pattern Analysis and Machine Intelligence},
  volume={42},
  number={1},
  pages={27--45},
  year={2018},
  publisher={IEEE}
}

@inproceedings{xie2021cycleCoopNets,
  title={Learning cycle-consistent cooperative networks via alternating MCMC teaching for unsupervised cross-domain translation},
  author={Xie, Jianwen and Zheng, Zilong and Fang, Xiaolin and Zhu, Song-Chun and Wu, Ying Nian},
  booktitle={AAAI},
  year={2021}
}

@inproceedings{ebmood2020,
  author    = {Weitang Liu and
               Xiaoyun Wang and
               John D. Owens and
               Yixuan Li},
  title     = {Energy-based Out-of-distribution Detection},
  booktitle = {Annual Conference
               on Neural Information Processing Systems (NeurIPS)},
  year      = {2020}
}

@article{xu2019energy,
  title={Energy-based continuous inverse optimal control},
  author={Xu, Yifei and Xie, Jianwen and Zhao, Tianyang and Baker, Chris and Zhao, Yibiao and Wu, Ying Nian},
  journal={arXiv preprint arXiv:1904.05453},
  year={2019}
}

@inproceedings{ingraham2018learning,
  title={Learning protein structure with a differentiable simulator},
  author={Ingraham, John and Riesselman, Adam and Sander, Chris and Marks, Debora},
  booktitle={ICLR},
  year={2018}
}

@inproceedings{du2019energy,
  title={Energy-based models for atomic-resolution protein conformations},
  author={Du, Yilun and Meier, Joshua and Ma, Jerry and Fergus, Rob and Rives, Alexander},
  booktitle={ICLR},
  year={2019}
}

@inproceedings{gutmann2010noise,
  title={Noise-contrastive estimation: A new estimation principle for unnormalized statistical models},
  author={Gutmann, Michael and Hyv{\"a}rinen, Aapo},
  booktitle={Proceedings of the Thirteenth International Conference on Artificial Intelligence and Statistics},
  year={2010}
}



@inproceedings{lee2018wasserstein,
  title={Wasserstein introspective neural networks},
  author={Lee, Kwonjoon and Xu, Weijian and Fan, Fan and Tu, Zhuowen},
  booktitle={ICCV},
  pages={3702--3711},
  year={2018}
}

@inproceedings{jin2017introspective,
  title={Introspective classification with convolutional nets},
  author={Jin, Long and Lazarow, Justin and Tu, Zhuowen},
  booktitle={Advances in Neural Information Processing Systems},
  pages={823--833},
  year={2017}
}

@inproceedings{lazarow2017introspective,
  title={Introspective neural networks for generative modeling},
  author={Lazarow, Justin and Jin, Long and Tu, Zhuowen},
  booktitle={ICCV},
  pages={2774--2783},
  year={2017}
}

@inproceedings{xie2020learning,
  title={Learning Energy-Based Model with Variational Auto-Encoder as Amortized Sampler},
  author={Xie, Jianwen and Zheng, Zilong and Li, Ping},
  booktitle={AAAI},
  year={2021}
}

@inproceedings{han2019divergence,
  title={Divergence triangle for joint training of generator model, energy-based model, and inferential model},
  author={Han, Tian and Nijkamp, Erik and Fang, Xiaolin and Hill, Mitch and Zhu, Song-Chun and Wu, Ying Nian},
  booktitle={IEEE Conference on Computer Vision and Pattern Recognition (CVPR)},
  pages={8670--8679},
  year={2019}
}

@inproceedings{yu2020training,
  title={Training deep energy-based models with f-divergence minimization},
  author={Yu, Lantao and Song, Yang and Song, Jiaming and Ermon, Stefano},
  booktitle={International Conference on Machine Learning},
  year={2020}
}


@article{xie2021cooperative,
  title={Cooperative Training of Fast Thinking Initializer and Slow Thinking Solver for Conditional Learning},
  author={Xie, Jianwen and Zheng, Zilong  and Fang, Xiaolin and Zhu, Song-Chun and Wu, Ying Nian},
  journal={IEEE Transactions on Pattern Analysis and Machine Intelligence},
  year={2021},
  publisher={IEEE}
}

@article{xie2020generative,
  title={Generative VoxelNet: Learning Energy-Based Models for 3D Shape Synthesis and Analysis},
  author={Xie, Jianwen and Zheng, Zilong and Gao, Ruiqi and Wang, Wenguan and Zhu, Song-Chun and Wu, Ying Nian},
  journal={IEEE Transactions on Pattern Analysis and Machine Intelligence},
  year={2020},
  publisher={IEEE}
}

@inproceedings{du2019implicit,
 author = {Du, Yilun and Mordatch, Igor},
 booktitle = {Advances in Neural Information Processing Systems},
 editor = {H. Wallach and H. Larochelle and A. Beygelzimer and F. d Alche-Buc and E. Fox and R. Garnett},
 pages = {},
 publisher = {Curran Associates, Inc.},
 title = {Implicit Generation and Modeling with Energy Based Models},
 url = {https://proceedings.neurips.cc/paper/2019/file/378a063b8fdb1db941e34f4bde584c7d-Paper.pdf},
 volume = {32},
 year = {2019}
}

@article{mikolov2013distributed,
  title={Distributed representations of words and phrases and their compositionality},
  author={Mikolov, Tomas and Sutskever, Ilya and Chen, Kai and Corrado, Greg and Dean, Jeffrey},
  journal={arXiv preprint arXiv:1310.4546},
  year={2013}
}

@article{deng2020residual,
  title={Residual energy-based models for text generation},
  author={Deng, Yuntian and Bakhtin, Anton and Ott, Myle and Szlam, Arthur and Ranzato, Marc'Aurelio},
  journal={arXiv preprint arXiv:2004.11714},
  year={2020}
}


@inproceedings{haarnoja2017reinforcement,
  title={Reinforcement learning with deep energy-based policies},
  author={Haarnoja, Tuomas and Tang, Haoran and Abbeel, Pieter and Levine, Sergey},
  booktitle={International Conference on Machine Learning},
  pages={1352--1361},
  year={2017}
}

@inproceedings{wenliang2019learning,
  title={Learning deep kernels for exponential family densities},
  author={Wenliang, Li and Sutherland, Dougal and Strathmann, Heiko and Gretton, Arthur},
  booktitle={International Conference on Machine Learning},
  year={2019}
}

@inproceedings{song2020sliced,
  title={Sliced score matching: A scalable approach to density and score estimation},
  author={Song, Yang and Garg, Sahaj and Shi, Jiaxin and Ermon, Stefano},
  booktitle={Uncertainty in Artificial Intelligence},
  pages={574--584},
  year={2020}
}

@article{song2021train,
  title={How to Train Your Energy-Based Models},
  author={Song, Yang and Kingma, Diederik P},
  journal={arXiv preprint arXiv:2101.03288},
  year={2021}
}

@book{meyn2012markov,
  title={Markov chains and stochastic stability},
  author={Meyn, Sean P and Tweedie, Richard L},
  year={2012},
  publisher={Springer Science \& Business Media}
}

@article{nijkamp2019learning,
  title={Learning non-convergent non-persistent short-run MCMC toward energy-based model},
  author={Nijkamp, Erik and Hill, Mitch and Zhu, Song-Chun and Wu, Ying Nian},
  journal={arXiv preprint arXiv:1904.09770},
  year={2019}
}


@article{hinton2002training,
  title={Training products of experts by minimizing contrastive divergence},
  author={Hinton, Geoffrey E},
  journal={Neural computation},
  volume={14},
  number={8},
  year={2002},
  publisher={MIT Press}
}

@inproceedings{han2020joint,
  title={Joint training of variational auto-encoder and latent energy-based model},
  author={Han, Tian and Nijkamp, Erik and Zhou, Linqi and Pang, Bo and Zhu, Song-Chun and Wu, Ying Nian},
  booktitle={Proceedings of the IEEE/CVF Conference on Computer Vision and Pattern Recognition},
  pages={7978--7987},
  year={2020}
}

@inproceedings{tieleman2008training,
  title={Training restricted Boltzmann machines using approximations to the likelihood gradient},
  author={Tieleman, Tijmen},
  booktitle={ICML},
  year={2008}
}



@inproceedings{welling2002new,
  title={A new learning algorithm for mean field Boltzmann machines},
  author={Welling, Max and Hinton, Geoffrey E},
  booktitle={International Conference on Artificial Neural Networks},
  pages={351--357},
  year={2002}
}

@inproceedings{gao2018learning,
  title={Learning generative convnets via multi-grid modeling and sampling},
  author={Gao, Ruiqi and Lu, Yang and Zhou, Junpei and Zhu, Song-Chun and Wu, Ying Nian},
  booktitle={Proceedings of the IEEE Conference on Computer Vision and Pattern Recognition},
  pages={9155--9164},
  year={2018}
}


@article{jacob2020unbiased,
  title={Unbiased Markov chain Monte Carlo methods with couplings},
  author={Jacob, Pierre E and O Leary, John and Atchad{\'e}, Yves F},
  journal={Journal of the Royal Statistical Society: Series B (Statistical Methodology)},
  volume={82},
  number={3},
  pages={543--600},
  year={2020},
  publisher={Wiley Online Library}
}


@inproceedings{qiu2019unbiased,
  title={Unbiased contrastive divergence algorithm for training energy-based latent variable models},
  author={Qiu, Yixuan and Zhang, Lingsong and Wang, Xiao},
  booktitle={ICLR},
  year={2019}
}


@article{du2020improved,
  title={Improved Contrastive Divergence Training of Energy Based Models},
  author={Du, Yilun and Li, Shuang and Tenenbaum, Joshua and Mordatch, Igor},
  journal={arXiv preprint arXiv:2012.01316},
  year={2020}
}

@incollection{bottou2008,
	Author = {Bottou, L\'{e}on and Bousquet, Olivier},
	Booktitle = {Advances in Neural Information Processing Systems 20},
	Editor = {J. C. Platt and D. Koller and Y. Singer and S. T. Roweis},
	Pages = {161--168},
	Publisher = {Curran Associates, Inc.},
	Title = {The Tradeoffs of Large Scale Learning},
	Year = {2008}}
	
	

@article{robbins1951A,
	Added-At = {2008-10-07T16:03:39.000+0200},
	Author = {Robbins, H. and Monro, S.},
	Journal = {Annals of Mathematical Statistics},
	Keywords = {imported},
	Timestamp = {2008-10-07T16:03:40.000+0200},
	Title = {A stochastic approximation method},
	Volume = 22,
	Year = 1951}
	
	
@article{grenander1994representations,
  title={Representations of knowledge in complex systems},
  author={Grenander, Ulf and Miller, Michael I},
  journal={Journal of the Royal Statistical Society: Series B (Methodological)},
  volume={56},
  number={4},
  pages={549--581},
  year={1994},
  publisher={Wiley Online Library}
}




@article{neal2011mcmc,
  title={MCMC using Hamiltonian dynamics},
  author={Neal, Radford M and others},
  journal={Handbook of markov chain monte carlo},
  volume={2},
  number={11},
  pages={2},
  year={2011}
}



@article{atchade2006adaptive,
  title={An adaptive version for the Metropolis adjusted Langevin algorithm with a truncated drift},
  author={Atchad{\'e}, Yves F},
  journal={Methodology and Computing in applied Probability},
  volume={8},
  number={2},
  pages={235--254},
  year={2006},
  publisher={Springer}
}


@article{marshall2012adaptive,
  title={An adaptive approach to Langevin MCMC},
  author={Marshall, Tristan and Roberts, Gareth},
  journal={Statistics and Computing},
  volume={22},
  number={5},
  year={2012},
  publisher={Springer}
}



@article{girolami2011riemann,
  title={Riemann manifold langevin and hamiltonian monte carlo methods},
  author={Girolami, Mark and Calderhead, Ben},
  journal={Journal of the Royal Statistical Society: Series B},
  volume={73},
  number={2},
  pages={123--214},
  year={2011},
  publisher={Wiley Online Library}
}


@article{song2020score,
  title={Score-Based Generative Modeling through Stochastic Differential Equations},
  author={Song, Yang and Sohl-Dickstein, Jascha and Kingma, Diederik P and Kumar, Abhishek and Ermon, Stefano and Poole, Ben},
  journal={arXiv preprint arXiv:2011.13456},
  year={2020}
}

@inproceedings{gao2020flow,
  title={Flow contrastive estimation of energy-based models},
  author={Gao, Ruiqi and Nijkamp, Erik and Kingma, Diederik P and Xu, Zhen and Dai, Andrew M and Wu, Ying Nian},
  booktitle={Proceedings of the IEEE/CVF Conference on Computer Vision and Pattern Recognition},
  pages={7518--7528},
  year={2020}
}


@article{kingma2013auto,
  title={Auto-encoding variational bayes},
  author={Kingma, Diederik P and Welling, Max},
  journal={arXiv preprint arXiv:1312.6114},
  year={2013}
}

@article{goodfellow2014generative,
  title={Generative adversarial networks},
  author={Goodfellow, Ian J and Pouget-Abadie, Jean and Mirza, Mehdi and Xu, Bing and Warde-Farley, David and Ozair, Sherjil and Courville, Aaron and Bengio, Yoshua},
  journal={arXiv preprint arXiv:1406.2661},
  year={2014}
}

@article{jarner2000geometric,
  title={Geometric ergodicity of Metropolis algorithms},
  author={Jarner, S{\o}ren Fiig and Hansen, Ernst},
  journal={Stochastic processes and their applications},
  volume={85},
  number={2},
  pages={341--361},
  year={2000},
  publisher={Elsevier}
}

@article{wolfinger,
author = {Wolfinger, Russ},
journal = {Biometrika},
keywords = {methods},
number = {4},
pages = {791--795},
title = {Laplace's approximation for nonlinear mixed models},
volume = {80},
year = {1993}
}

@article{rue2009approximate,
  title={Approximate Bayesian inference for latent Gaussian models by using integrated nested Laplace approximations},
  author={Rue, H{\aa}vard and Martino, Sara and Chopin, Nicolas},
  journal={Journal of the royal statistical society: Series b (statistical methodology)},
  year={2009},
  publisher={Wiley Online Library}
}

@article{jordanvi,
 author = {Wainwright, Martin J. and Jordan, Michael I.},
 title = {Graphical Models, Exponential Families, and Variational Inference},
 journal = {Found. Trends Mach. Learn.},
 issue_date = {January 2008},
 volume = {1},
 number = {1-2},
 month = jan,
 year = {2008},
 issn = {1935-8237},
 pages = {1--305},
 numpages = {305},
 doi = {10.1561/2200000001},
 acmid = {1498841},
 publisher = {Now Publishers Inc.},
 address = {Hanover, MA, USA},
} 


@article{freitas,
author = "De Freitas, Nando and H{\o}jen-S{\o}rensen, Pedro and Jordan, Michael I and Russell, Stuart",
journal = "Proceedings of the Seventeenth Conference on Uncertainty in Artificial Intelligence",
title = "Variational MCMC",
year = "2001"
}



@article{durmus2017fast,
author = "Durmus, Alain and Roberts, Gareth O. and Vilmart, Gilles and Zygalakis, Konstantinos C.",
doi = "10.1214/16-AAP1257",
fjournal = "The Annals of Applied Probability",
journal = "Ann. Appl. Probab.",
month = "08",
number = "4",
pages = "2195--2237",
publisher = "The Institute of Mathematical Statistics",
title = "Fast Langevin based algorithm for MCMC in high dimensions",

volume = "27",
year = "2017"
}

@article{brosse2017tamed,
  title={The Tamed Unadjusted Langevin Algorithm},
  author={Brosse, Nicolas and Durmus, Alain and Moulines, {\'E}ric and Sabanis, Sotirios},
  journal={arXiv preprint arXiv:1710.05559},
  year={2017}
}



@ARTICLE{roberts,
    author = {Roberts, G. O. and Rosenthal, J. S. },
    title = {Optimal scaling of discrete approximations to Langevin diffusions},
    journal = {J. R. Statist. Soc. B},
    year = {1997},
    volume = {60},
    pages = {255--268}
}


@article{robertsmala,
author = "Roberts, Gareth O. and Tweedie, Richard L.",
fjournal = "Bernoulli",
journal = "Bernoulli",
month = "12",
number = "4",
pages = "341--363",
publisher = "Bernoulli Society for Mathematical Statistics and Probability",
title = "Exponential convergence of Langevin distributions and their discrete approximations",
volume = "2",
year = "1996"
}


@article{du2020energy,
  title={Energy-based models for atomic-resolution protein conformations},
  author={Du, Yilun and Meier, Joshua and Ma, Jerry and Fergus, Rob and Rives, Alexander},
  journal={arXiv preprint arXiv:2004.13167},
  year={2020}
}

@article{cotter2013mcmc,
  title={MCMC methods for functions: modifying old algorithms to make them faster},
  author={Cotter, Simon L and Roberts, Gareth O and Stuart, Andrew M and White, David},
  journal={Statistical Science},
  pages={424--446},
  year={2013},
  publisher={JSTOR}
}


@article{krizhevsky2009learning,
  title={Learning multiple layers of features from tiny images},
  author={Krizhevsky, Alex and Hinton, Geoffrey},
  journal={Master's thesis, Department of Computer Science, University of Toronto},
  year={2009},
  publisher={Citeseer}
}


@inproceedings{nilsback2008automated,
  title={Automated flower classification over a large number of classes},
  author={Nilsback, Maria-Elena and Zisserman, Andrew},
  booktitle={2008 Sixth Indian Conference on Computer Vision, Graphics \& Image Processing},
  pages={722--729},
  year={2008},
  organization={IEEE}
}

@article{heusel2017gans,
  title={Gans trained by a two time-scale update rule converge to a local nash equilibrium},
  author={Heusel, Martin and Ramsauer, Hubert and Unterthiner, Thomas and Nessler, Bernhard and Hochreiter, Sepp},
  journal={arXiv preprint arXiv:1706.08500},
  year={2017}
}



@inproceedings{nijkamp2020anatomy,
  author    = {Erik Nijkamp and
               Mitch Hill and
               Tian Han and
               Song{-}Chun Zhu and
               Ying Nian Wu},
  title     = {On the Anatomy of MCMC-Based Maximum Likelihood Learning of Energy-Based
               Models},
  booktitle = {The Thirty-Fourth {AAAI} Conference on Artificial Intelligence},
  year      = {2020},
  url       = {https://aaai.org/ojs/index.php/AAAI/article/view/5973},
  timestamp = {Tue, 02 Feb 2021 00:00:00 +0100},
  biburl    = {https://dblp.org/rec/conf/aaai/NijkampH0ZW20.bib},
  bibsource = {dblp computer science bibliography, https://dblp.org}
}

@inproceedings{arjovsky2017wasserstein,
  title={Wasserstein generative adversarial networks},
  author={Arjovsky, Martin and Chintala, Soumith and Bottou, L{\'e}on},
  booktitle={International conference on machine learning},
  pages={214--223},
  year={2017},
  organization={PMLR}
}

@book{douc2018markov,
  title={Markov chains},
  author={Douc, Randal and Moulines, Eric and Priouret, Pierre and Soulier, Philippe},
  year={2018},
  publisher={Springer}
}

@ARTICLE{KB15,
  title = {Adam: A Method for Stochastic Optimization},
  author    = {Diederik P. Kingma and Jimmy Ba},
  journal = {ICLR},
  year = {2015}
}

@article{allassonniere2015convergent,
  title={Convergent Stochastic Expectation Maximization algorithm with efficient sampling in high dimension. Application to deformable template model estimation},
  author={Allassonniere, St{\'e}phanie and Kuhn, Estelle},
  journal={CSDA},
  volume={91},
  pages={4--19},
  year={2015},
  publisher={Elsevier}
}

@article{roberts2004general,
  title={General state space Markov chains and MCMC algorithms},
  author={Roberts, Gareth O and Rosenthal, Jeffrey S and others},
  journal={Probability surveys},
  volume={1},
  pages={},
  year={2004},
  publisher={The Institute of Mathematical Statistics and the Bernoulli Society}
}

@article{doucet2000sequential,
  title={On sequential Monte Carlo sampling methods for Bayesian filtering},
  author={Doucet, Arnaud and Godsill, Simon and Andrieu, Christophe},
  journal={Statistics and computing},
  volume={10},
  number={3},
  pages={197--208},
  year={2000},
  publisher={Springer}
}

@Inbook{mh:robert,
author="Robert, Christian P.
and Casella, George",
title="Metropolis--Hastings Algorithms",
bookTitle="Introducing Monte Carlo Methods with R",
year="2010",
publisher="Springer New York",
address="New York, NY",
pages="167--197",
abstract="This chapter is the first of a series of two on simulation methods based on Markov chains. Although the Metropolis--Hastings algorithm can be seen as one of the most general Markov chain Monte (MCMC) algorithms, it is also one of the simplest both to understand and explain, making it an ideal algorithm to start with.",
isbn="978-1-4419-1576-4",
doi="10.1007/978-1-4419-1576-4_6",

}


@inproceedings{grathwohl2020your,
title={Your classifier is secretly an energy based model and you should treat it like one},
author={Grathwohl, Will and Wang, Kuan-Chieh and Jacobsen, J{\"o}rn-Henrik and Duvenaud, David and Norouzi, Mohammad and Swersky, Kevin},
  booktitle={International Conference on Learning Representations},
  year={2020}
}

@inproceedings{gustafsson2020energy,
  title={Energy-based models for deep probabilistic regression},
  author={Gustafsson, Fredrik K and Danelljan, Martin and Bhat, Goutam and Sch{\"o}n, Thomas B},
  booktitle={ECCV},
  pages={325--343},
  year={2020},
  organization={Springer}
}

@inproceedings{haarnoja2018soft,
  title={Soft actor-critic: Off-policy maximum entropy deep reinforcement learning with a stochastic actor},
  author={Haarnoja, Tuomas and Zhou, Aurick and Abbeel, Pieter and Levine, Sergey},
  booktitle={International Conference on Machine Learning},
  pages={1861--1870},
  year={2018},
  organization={PMLR}
}


@article{hyvarinen2005estimation,
  title={Estimation of non-normalized statistical models by score matching.},
  author={Hyv{\"a}rinen, Aapo and Dayan, Peter},
  journal={Journal of Machine Learning Research},
  volume={6},
  number={4},
  year={2005}
}
@inproceedings{liu2015deep,
  title={Deep learning face attributes in the wild},
  author={Liu, Ziwei and Luo, Ping and Wang, Xiaogang and Tang, Xiaoou},
  booktitle={Proceedings of the IEEE international conference on computer vision},
  pages={3730--3738},
  year={2015}
}