@article{hiai2009monotonicity,
  title={Monotonicity for entrywise functions of matrices},
  author={Hiai, Fumio},
  journal={Linear algebra and its applications},
  volume={431},
  number={8},
  pages={1125--1146},
  year={2009},
  publisher={Elsevier}
}

@article{vijayan1976hadamard,
  title={Hadamard matrices and submatrices},
  author={Vijayan, K},
  journal={Journal of the Australian Mathematical Society},
  volume={22},
  number={4},
  pages={469--475},
  year={1976},
  publisher={Cambridge University Press}
}

@book{horn1994topics,
  title={Topics in matrix analysis},
  author={Horn, Roger A and Horn, Roger A and Johnson, Charles R},
  year={1994},
  publisher={Cambridge university press}
}

@book{horn_johnson_1991, place={Cambridge}, title={Topics in Matrix Analysis}, DOI={10.1017/CBO9780511840371}, publisher={Cambridge University Press}, author={Horn, Roger A. and Johnson, Charles R.}, year={1991}}

@article{schoenberg1988positive,
  title={Positive definite functions on spheres},
  author={Schoenberg, I},
  journal={Duke Math. J},
  volume={1},
  pages={172},
  year={1988}
}

@article{schur1911bemerkungen,
  title={Bemerkungen zur Theorie der beschr{\"a}nkten Bilinearformen mit unendlich vielen Ver{\"a}nderlichen.},
  author={Schur, Jssai},
  journal={Journal f{\"u}r die reine und angewandte Mathematik (Crelles Journal)},
  volume={1911},
  number={140},
  pages={1--28},
  year={1911},
  publisher={De Gruyter}
}

@article{vasudeva1979positive,
  title={Positive definite matrices and absolutely monotonic functions},
  author={Vasudeva, Harkrishan},
  journal={Indian J. Pure Appl. Math},
  volume={10},
  number={7},
  pages={854--858},
  year={1979}
}

@book{horadam2012hadamard,
  title={Hadamard matrices and their applications},
  author={Horadam, Kathy J},
  year={2012},
  publisher={Princeton university press}
}

@book{horn1985,
editor = {Horn, Roger A. and Johnson, Charles R.},
title = {Matrix Analysis},
year = {1985},
isbn = {0521305861},
publisher = {Cambridge University Press},
address = {USA}
}


@article{hedayat1978hadamard,
  title={Hadamard matrices and their applications},
  author={Hedayat, A and Wallis, Walter Dennis and others},
  journal={The Annals of Statistics},
  volume={6},
  number={6},
  pages={1184--1238},
  year={1978},
  publisher={Institute of Mathematical Statistics}
}

@book{agaian2006hadamard,
  title={Hadamard matrices and their applications},
  author={Agaian, SS},
  volume={1168},
  year={2006},
  publisher={Springer}
}

@article{bulutoglu2009counterexample,
  title={A counterexample to Beder's conjectures about Hadamard matrices},
  author={Bulutoglu, Dursun A and Kaziska, David M},
  journal={Journal of statistical planning and inference},
  volume={139},
  number={9},
  pages={3381--3383},
  year={2009},
  publisher={Elsevier}
}

@article{audenaert2010spectral,
  title={Spectral radius of Hadamard product versus conventional product for non-negative matrices},
  author={Audenaert, Koenraad MR},
  journal={Linear algebra and its applications},
  volume={432},
  number={1},
  pages={366--368},
  year={2010},
  publisher={Elsevier}
}

@article{jiang2017hadamard,
  title={Hadamard Kernel SVM with applications for breast cancer outcome predictions},
  author={Jiang, Hao and Ching, Wai-Ki and Cheung, Wai-Shun and Hou, Wenpin and Yin, Hong},
  journal={BMC systems biology},
  volume={11},
  number={7},
  pages={138},
  year={2017},
  publisher={Springer}
}

@article{belton2019simultaneous,
  title={Simultaneous kernels of matrix Hadamard powers},
  author={Belton, Alexander and Guillot, Dominique and Khare, Apoorva and Putinar, Mihai},
  journal={Linear Algebra and its Applications},
  volume={576},
  pages={142--157},
  year={2019},
  publisher={Elsevier}
}

@article{hastie2009elements,
  title={The elements of statistical learning: data mining, inference, and prediction, springer series in statistics},
  author={Hastie, Trevor and Tibshirani, Robert and Friedman, Jerome},
  journal={Springer New York},
  year={2009}
}

@article{bousquet2002complexity,
  title={On the complexity of learning the kernel matrix},
  author={Bousquet, Olivier and Herrmann, Daniel},
  journal={Advances in neural information processing systems},
  volume={15},
  pages={415--422},
  year={2002}
}


@article{frohlich2004feature,
  title={Feature selection for support vector machines using genetic algorithms},
  author={Fr{\"o}hlich, Holger and Chapelle, Olivier and Sch{\"o}lkopf, Bernhard},
  journal={International journal on artificial intelligence tools},
  volume={13},
  number={04},
  pages={791--800},
  year={2004},
  publisher={World Scientific}
}


@inproceedings{keerthi2007efficient,
  title={An efficient method for gradient-based adaptation of hyperparameters in SVM models},
  author={Keerthi, S Sathiya and Sindhwani, Vikas and Chapelle, Olivier},
  booktitle={Advances in neural information processing systems},
  pages={673--680},
  year={2007}
}


@article{li2018several,
  title={Several tunable GMM kernels},
  author={Li, Ping},
  journal={arXiv preprint arXiv:1805.02830},
  year={2018}
}

@book{scholkopf2002learning,
  title={Learning with kernels: support vector machines, regularization, optimization, and beyond},
  author={Sch{\"o}lkopf, Bernhard and Smola, Alexander J and Bach, Francis and others},
  year={2002},
  publisher={MIT press}
}