@article{thomas2019information,
  title={Information matrices and generalization},
  author={Thomas, Valentin and Pedregosa, Fabian and van Merri{\"e}nboer, Bart and Mangazol, Pierre-Antoine and Bengio, Yoshua and Roux, Nicolas Le},
  journal={arXiv preprint arXiv:1906.07774},
  year={2019}
}

@article{chizat2020implicit,
  title={Implicit Bias of Gradient Descent for Wide Two-layer Neural Networks Trained with the Logistic Loss},
  author={Chizat, Lenaic and Bach, Francis},
  journal={arXiv preprint arXiv:2002.04486},
  year={2020}
}

@inproceedings{chizat2018global,
  title={On the global convergence of gradient descent for over-parameterized models using optimal transport},
  author={Chizat, Lenaic and Bach, Francis},
  booktitle={Advances in neural information processing systems},
  pages={3036--3046},
  year={2018}
}

@article{dziugaite2017computing,
  title={Computing nonvacuous generalization bounds for deep (stochastic) neural networks with many more parameters than training data},
  author={Dziugaite, Gintare Karolina and Roy, Daniel M},
  journal={arXiv preprint arXiv:1703.11008},
  year={2017}
}

@inproceedings{neyshabur2019role,
  title={The role of over-parametrization in generalization of neural networks},
  author={Neyshabur, Behnam and Li, Zhiyuan and Bhojanapalli, Srinadh and LeCun, Yann and Srebro, Nathan},
  booktitle={7th International Conference on Learning Representations, ICLR 2019},
  year={2019}
}

@article{allen2018convergence,
  title={A convergence theory for deep learning via over-parameterization},
  author={Allen-Zhu, Zeyuan and Li, Yuanzhi and Song, Zhao},
  journal={arXiv preprint arXiv:1811.03962},
  year={2018}
}

@article{defossez2020onthe,
  title={On the Convergence of Adam and Adagrad},
  author={Alexandre Defossez, Leon Bottou, Francis Bach,Nicolas Usunier},
  journal={arXiv},
  year={2020}
}