@incollection{Bengio+chapter2007,
author = {Bengio, Yoshua and LeCun, Yann},
booktitle = {Large Scale Kernel Machines},
publisher = {MIT Press},
title = {Scaling Learning Algorithms Towards {AI}},
year = {2007}
}

@article{Hinton06,
author = {Hinton, Geoffrey E. and Osindero, Simon and Teh, Yee Whye},
journal = {Neural Computation},
pages = {1527--1554},
title = {A Fast Learning Algorithm for Deep Belief Nets},
volume = {18},
year = {2006}
}

@book{goodfellow2016deep,
title={Deep learning},
author={Goodfellow, Ian and Bengio, Yoshua and Courville, Aaron and Bengio, Yoshua},
volume={1},
year={2016},
publisher={MIT Press}
}

@inproceedings{chilimbi2014project,
  author    = {Trishul M. Chilimbi and
               Yutaka Suzue and
               Johnson Apacible and
               Karthik Kalyanaraman},
  title     = {Project Adam: Building an Efficient and Scalable Deep Learning Training
               System},
  booktitle = {Proceedings of the 11th {USENIX} Symposium on Operating Systems Design and Implementation (OSDI)},
  address = {Broomfield, CO},
  pages     = {571--582},
  year      = {2014},
}


@inproceedings{mcmahan2017communication,
  author    = {Brendan McMahan and
               Eider Moore and
               Daniel Ramage and
               Seth Hampson and
               Blaise Ag{\"{u}}era y Arcas},
  title     = {Communication-Efficient Learning of Deep Networks from Decentralized
               Data},
  booktitle = {Proceedings of the 20th International Conference on Artificial Intelligence
               and Statistics (AISTATS)},
  address = {Fort Lauderdale, FL},
  pages     = {1273--1282},
  year      = {2017},
}

@inproceedings{alistarh2017qsgd,
  author    = {Dan Alistarh and
               Demjan Grubic and
               Jerry Li and
               Ryota Tomioka and
               Milan Vojnovic},
  title     = {{QSGD:} Communication-Efficient {SGD} via Gradient Quantization and
               Encoding},
  booktitle = {Advances in Neural Information Processing Systems (NIPS)},
  address = {Long Beach, CA},
  pages     = {1709--1720},
  year      = {2017},
}

@inproceedings{lin2017deep,
  author    = {Yujun Lin and
               Song Han and
               Huizi Mao and
               Yu Wang and
               Bill Dally},
  title     = {Deep Gradient Compression: Reducing the Communication Bandwidth for
               Distributed Training},
  booktitle = {Proceedings of the 6th International Conference on Learning Representations (ICLR)},
  address = {Vancouver, Canada},
  year      = {2018},
}

@inproceedings{wangni2018gradient,
  author    = {Jianqiao Wangni and
               Jialei Wang and
               Ji Liu and
               Tong Zhang},
  title     = {Gradient Sparsification for Communication-Efficient Distributed Optimization},
  booktitle = {Advances in Neural Information Processing Systems (NeurIPS)},
  address = {Montr{\'{e}}al, Canada},
  pages     = {1306--1316},
  year      = {2018},
}
@inproceedings{stich2018sparsified,
  author    = {Sebastian U. Stich and
               Jean{-}Baptiste Cordonnier and
               Martin Jaggi},
  title     = {Sparsified {SGD} with Memory},
  booktitle = {Advances in Neural Information Processing Systems (NeurIPS)},
  address = {Montr{\'{e}}al, Canada},
  pages     = {4452--4463},
  year      = {2018},
}

@inproceedings{wang2018atomo,
  author    = {Hongyi Wang and
               Scott Sievert and
               Shengchao Liu and
               Zachary B. Charles and
               Dimitris S. Papailiopoulos and
               Stephen J. Wright},
  title     = {{ATOMO:} Communication-efficient Learning via Atomic Sparsification},
  booktitle = {Advances in Neural Information Processing Systems (NeurIPS)},
  address = {Montr{\'{e}}al, Canada},
  pages     = {9872--9883},
  year      = {2018},
}



@inproceedings{tang2019doublesqueeze,
  author    = {Hanlin Tang and
               Chen Yu and
               Xiangru Lian and
               Tong Zhang and
               Ji Liu},
  title     = {DoubleSqueeze: Parallel Stochastic Gradient Descent with Double-pass
               Error-Compensated Compression},
  booktitle = {Proceedings of the 36th International Conference on Machine Learning (ICML)},
  address = {Long Beach, CA},
  pages     = {6155--6165},
  year      = {2019},
}

@inproceedings{lian2017can,
  author    = {Xiangru Lian and
               Ce Zhang and
               Huan Zhang and
               Cho{-}Jui Hsieh and
               Wei Zhang and
               Ji Liu},
  title     = {Can Decentralized Algorithms Outperform Centralized Algorithms? {A}
               Case Study for Decentralized Parallel Stochastic Gradient Descent},
  booktitle = {Advances in Neural Information Processing Systems (NIPS)},
  address = {Long Beach, CA},
  pages     = {5330--5340},
  year      = {2017},
}

@article{duchi2011dual,
  author    = {John C. Duchi and
               Alekh Agarwal and
               Martin J. Wainwright},
  title     = {Dual Averaging for Distributed Optimization: Convergence Analysis
               and Network Scaling},
  journal   = {{IEEE} Trans. Autom. Control.},
  volume    = {57},
  number    = {3},
  pages     = {592--606},
  year      = {2012},
}

@article{duchi2011adaptive,
  author    = {John C. Duchi and
               Elad Hazan and
               Yoram Singer},
  title     = {Adaptive Subgradient Methods for Online Learning and Stochastic Optimization},
  journal   = {J. Mach. Learn. Res.},
  volume    = {12},
  pages     = {2121--2159},
  year      = {2011},
}

@article{lecun1998mnist,
  title={The MNIST database of handwritten digits},
  author={LeCun, Yann},
  journal={http://yann. lecun. com/exdb/mnist/},
  year={1998}
}



@inproceedings{kingma2014adam,
  author    = {Diederik P. Kingma and
               Jimmy Ba},
  title     = {Adam: {A} Method for Stochastic Optimization},
  booktitle = {Proceedings of the 3rd International Conference on Learning Representations (ICLR)},
  address = {San Diego, CA},
  year      = {2015},
}

@inproceedings{reddi2019convergence,
  author    = {Sashank J. Reddi and
               Satyen Kale and
               Sanjiv Kumar},
  title     = {On the Convergence of {Adam} and Beyond},
  booktitle = {Proceedings of the 6th International Conference on Learning Representations (ICLR)},
  address = {Vancouver, Canada},
  year      = {2018},
}

@article{nazari2019dadam,
  author    = {Parvin Nazari and
               Davoud Ataee Tarzanagh and
               George Michailidis},
  title     = {{DADAM:} {A} Consensus-based Distributed Adaptive Gradient Method
               for Online Optimization},
  journal   = {CoRR},
  volume    = {abs/1901.09109},
  year      = {2019},
  archivePrefix = {arXiv},
}

@article{yuan2016convergence,
  author    = {Kun Yuan and
               Qing Ling and
               Wotao Yin},
  title     = {On the Convergence of Decentralized Gradient Descent},
  journal   = {{SIAM} J. Optim.},
  volume    = {26},
  number    = {3},
  pages     = {1835--1854},
  year      = {2016},
}

@article{nedic2009distributed,
  author    = {Angelia Nedic and
               Asuman E. Ozdaglar},
  title     = {Distributed Subgradient Methods for Multi-Agent Optimization},
  journal   = {{IEEE} Trans. Autom. Control.},
  volume    = {54},
  number    = {1},
  pages     = {48--61},
  year      = {2009},
}

@inproceedings{reddi2020adaptive,
  author    = {Sashank J. Reddi and
               Zachary Charles and
               Manzil Zaheer and
               Zachary Garrett and
               Keith Rush and
               Jakub Kone{\v{c}}n{\'y} and
               Sanjiv Kumar and
               Hugh Brendan McMahan},
  title     = {Adaptive Federated Optimization},
  booktitle = {Proceedings of the 9th International Conference on Learning Representations (ICLR)},
  address = {Virtual Event, Austria},
  year      = {2021},
}

@inproceedings{aji2017sparse,
  author    = {Alham Fikri Aji and
               Kenneth Heafield},
  title     = {Sparse Communication for Distributed Gradient Descent},
  booktitle = {Proceedings of the 2017 Conference on Empirical Methods in Natural
               Language Processing (EMNLP)},
  address = {Copenhagen, Denmark},
  pages     = {440--445},
  year      = {2017},
}



@article{jegou2010product,
  author    = {Herv{\'{e}} J{\'{e}}gou and
               Matthijs Douze and
               Cordelia Schmid},
  title     = {Product Quantization for Nearest Neighbor Search},
  journal   = {{IEEE} Trans. Pattern Anal. Mach. Intell.},
  volume    = {33},
  number    = {1},
  pages     = {117--128},
  year      = {2011},
}

@inproceedings{ge2013optimized,
  author    = {Tiezheng Ge and
               Kaiming He and
               Qifa Ke and
               Jian Sun},
  title     = {Optimized Product Quantization for Approximate Nearest Neighbor Search},
  booktitle = {Proceedings of the 2013 {IEEE} Conference on Computer Vision and Pattern Recognition (CVPR)},
  address = {Portland, OR},
  pages     = {2946--2953},
  year      = {2013},
}

@inproceedings{luo2019adaptive,
  author    = {Liangchen Luo and
               Yuanhao Xiong and
               Yan Liu and
               Xu Sun},
  title     = {Adaptive Gradient Methods with Dynamic Bound of Learning Rate},
  booktitle = {Proceedings of the 7th International Conference on Learning Representations (ICLR)},
  address = {New Orleans, LA},
  year      = {2019},
}

@article{chen2010approximate,
  author    = {Yongjian Chen and
               Tao Guan and
               Cheng Wang},
  title     = {Approximate Nearest Neighbor Search by Residual Vector Quantization},
  journal   = {Sensors},
  volume    = {10},
  number    = {12},
  pages     = {11259--11273},
  year      = {2010},
}

@inproceedings{chen2018convergence,
  author    = {Xiangyi Chen and
               Sijia Liu and
               Ruoyu Sun and
               Mingyi Hong},
  title     = {On the Convergence of {A} Class of Adam-Type Algorithms for Non-Convex
               Optimization},
  booktitle = {Proceedings of the 7th International Conference on Learning Representations (ICLR)},
  address = {New Orleans, LA},
  year      = {2019},
}


@inproceedings{ward2019adagrad,
  author    = {Rachel Ward and
               Xiaoxia Wu and
               L{\'{e}}on Bottou},
  title     = {AdaGrad stepsizes: sharp convergence over nonconvex landscapes},
  booktitle = {Proceedings of the 36th International Conference on Machine Learning (ICML)},
  address = {Long Beach, CA},
  pages     = {6677--6686},
  year      = {2019},
}

@inproceedings{yan2018unified,
  author    = {Yan Yan and
               Tianbao Yang and
               Zhe Li and
               Qihang Lin and
               Yi Yang},
  title     = {A Unified Analysis of Stochastic Momentum Methods for Deep Learning},
  booktitle = {Proceedings of the Twenty-Seventh International Joint Conference on
               Artificial Intelligence (IJCAI)},
  address = {Stockholm, Sweden},
  pages     = {2955--2961},
  year      = {2018},
}



@inproceedings{li2019convergence,
  author    = {Xiaoyu Li and
               Francesco Orabona},
  title     = {On the Convergence of Stochastic Gradient Descent with Adaptive Stepsizes},
  booktitle = {Proceedings of the 22nd International Conference on Artificial Intelligence and Statistics (AISTATS)},
  address = {Naha, Japan},
  pages     = {983--992},
  year      = {2019},
}

@article{zou2018convergence,
	title={On the convergence of weighted AdaGrad with momentum for training deep neural networks},
	author={Zou, Fangyu and Shen, Li},
	journal   = {CoRR},
    volume    = {abs/1808.03408},
    year      = {2018},
    archivePrefix = {arXiv},
}


@inproceedings{agarwal2019efficient,
  author    = {Naman Agarwal and
               Brian Bullins and
               Xinyi Chen and
               Elad Hazan and
               Karan Singh and
               Cyril Zhang and
               Yi Zhang},
  title     = {Efficient Full-Matrix Adaptive Regularization},
  booktitle = {Proceedings of the 36th International Conference on Machine Learning (ICML)},
  address = {Long Beach, CA},
  pages     = {102--110},
  year      = {2019},
}


@inproceedings{zaheer2018adaptive,
  author    = {Manzil Zaheer and
               Sashank J. Reddi and
               Devendra Singh Sachan and
               Satyen Kale and
               Sanjiv Kumar},
  title     = {Adaptive Methods for Nonconvex Optimization},
  booktitle = {Advances in Neural Information Processing Systems (NeurIPS)},
  address = {Montr{\'{e}}al, Canada},
  pages     = {9815--9825},
  year      = {2018},
}

@article{boyd2011distributed,
  author    = {Stephen P. Boyd and
               Neal Parikh and
               Eric Chu and
               Borja Peleato and
               Jonathan Eckstein},
  title     = {Distributed Optimization and Statistical Learning via the Alternating
               Direction Method of Multipliers},
  journal   = {Found. Trends Mach. Learn.},
  volume    = {3},
  number    = {1},
  pages     = {1--122},
  year      = {2011},
}

@article{shi2015extra,
  author    = {Wei Shi and
               Qing Ling and
               Gang Wu and
               Wotao Yin},
  title     = {{EXTRA:} An Exact First-Order Algorithm for Decentralized Consensus
               Optimization},
  journal   = {{SIAM} J. Optim.},
  volume    = {25},
  number    = {2},
  pages     = {944--966},
  year      = {2015},
}

@article{di2016next,
  author    = {Paolo Di Lorenzo and
               Gesualdo Scutari},
  title     = {{NEXT:} In-Network Nonconvex Optimization},
  journal   = {{IEEE} Trans. Signal Inf. Process. over Networks},
  volume    = {2},
  number    = {2},
  pages     = {120--136},
  year      = {2016},
}

@inproceedings{hong2017prox,
  author    = {Mingyi Hong and
               Davood Hajinezhad and
               Ming{-}Min Zhao},
  title     = {Prox-PDA: The Proximal Primal-Dual Algorithm for Fast Distributed
               Nonconvex Optimization and Learning Over Networks},
  booktitle = {Proceedings of the 34th International Conference on Machine Learning (ICML)},
  address = {Sydney, Australia},
  pages     = {1529--1538},
  year      = {2017},
}

@inproceedings{tang2018d,
  author    = {Hanlin Tang and
               Xiangru Lian and
               Ming Yan and
               Ce Zhang and
               Ji Liu},
  title     = {D\({}^{\mbox{2}}\): Decentralized Training over Decentralized Data},
  booktitle = {Proceedings of the 35th International Conference on Machine Learning (ICML)},
  address = {Stockholmsm{\"{a}}ssan, Sweden},
  pages     = {4855--4863},
  year      = {2018},
}





@article{robbins1951stochastic,
  title={A stochastic approximation method},
  author={Robbins, Herbert and Monro, Sutton},
  journal={The Annals of Mathematical Statistics},
  pages={400--407},
  year={1951},
}

@inproceedings{assran2019stochastic,
  author    = {Mahmoud Assran and
               Nicolas Loizou and
               Nicolas Ballas and
               Michael G. Rabbat},
  title     = {Stochastic Gradient Push for Distributed Deep Learning},
  booktitle = {Proceedings of the 36th International Conference on Machine Learning (ICML)},
  address = {Long Beach, CA},
  pages     = {344--353},
  year      = {2019},
}

@inproceedings{lu2019gnsd,
  author    = {Songtao Lu and
               Xinwei Zhang and
               Haoran Sun and
               Mingyi Hong},
  title     = {{GNSD:} a Gradient-Tracking Based Nonconvex Stochastic Algorithm for
               Decentralized Optimization},
  booktitle = {Proceedings of the {IEEE} Data Science Workshop (DSW)},
  address = {Minneapolis, MN},
  pages     = {315--321},
  year      = {2019},
}

@inproceedings{koloskova2019decentralized,
  author    = {Anastasia Koloskova and
               Sebastian U. Stich and
               Martin Jaggi},
  title     = {Decentralized Stochastic Optimization and Gossip Algorithms with Compressed
               Communication},
  booktitle = {Proceedings of the 36th International Conference on Machine Learning (ICML)},
  address = {Long Beach, CA},
  pages     = {3478--3487},
  year      = {2019},
}


@article{boyd2004fastest,
  author    = {Stephen P. Boyd and
               Persi Diaconis and
               Lin Xiao},
  title     = {Fastest Mixing Markov Chain on a Graph},
  journal   = {{SIAM} Rev.},
  volume    = {46},
  number    = {4},
  pages     = {667--689},
  year      = {2004},
}

@article{boyd2009fastest,
  author    = {Stephen P. Boyd and
               Persi Diaconis and
               Pablo A. Parrilo and
               Lin Xiao},
  title     = {Fastest Mixing Markov Chain on Graphs with Symmetries},
  journal   = {{SIAM} J. Optim.},
  volume    = {20},
  number    = {2},
  pages     = {792--819},
  year      = {2009},
}

@article{zhou2018convergence,
  author    = {Dongruo Zhou and
               Yiqi Tang and
               Ziyan Yang and
               Yuan Cao and
               Quanquan Gu},
  title     = {On the Convergence of Adaptive Gradient Methods for Nonconvex Optimization},
  journal   = {CoRR},
  volume    = {abs/1808.05671},
  year      = {2018},
  archivePrefix = {arXiv},
}

@inproceedings{chen2020toward,
  author    = {Xiangyi Chen and
               Xiaoyun Li and
               Ping Li},
  title     = {Toward Communication Efficient Adaptive Gradient Method},
  booktitle = {Proceedings of the {ACM-IMS} Foundations of Data Science Conference (FODS)},
  address = {Virtual Event, USA},
  pages     = {119--128},
  year      = {2020},
}

@inproceedings{Proc:Zhao_MLSys20,
  author    = {Weijie Zhao and
               Deping Xie and
               Ronglai Jia and
               Yulei Qian and
               Ruiquan Ding and
               Mingming Sun and
               Ping Li},
  title     = {Distributed Hierarchical {GPU} Parameter Server for Massive Scale
               Deep Learning Ads Systems},
  booktitle = {Proceedings of Machine Learning and Systems 2020 (MLSys)},
  address   = {Austin,
               TX},
  year      = {2020}
}


@inproceedings{Proc:Xu_SIGMOD21,
  author    = {Zhiqiang Xu and
               Dong Li and
               Weijie Zhao and
               Xing Shen and
               Tianbo Huang and
               Xiaoyun Li and
               Ping Li},
  title     = {Agile and Accurate {CTR} Prediction Model Training for Massive-Scale
               Online Advertising Systems},
  booktitle = {Proceedings of the International Conference on Management of Data (SIGMOD)}, address   = {Virtual
               Event, China},
  pages     = {2404--2409},
  year      = {2021}
}