@article{lecun2006tutorial,
  title={A tutorial on energy-based learning},
  author={LeCun, Yann and Chopra, Sumit and Hadsell, Raia and Ranzato, M and Huang, F},
  journal={Predicting structured data},
  volume={1},
  number={0},
  year={2006}
}

@inproceedings{ngiam2011learning,
  title={Learning deep energy models},
  author={Ngiam, Jiquan and Chen, Zhenghao and Koh, Pang W and Ng, Andrew Y},
  booktitle={Proceedings of the 28th international conference on machine learning (ICML-11)},
  pages={1105--1112},
  year={2011}
}

@inproceedings{welling2011bayesian,
  title={Bayesian learning via stochastic gradient Langevin dynamics},
  author={Welling, Max and Teh, Yee W},
  booktitle={Proceedings of the 28th international conference on machine learning (ICML-11)},
  pages={681--688},
  year={2011}
}


@article{zhu1998filters,
  title={Filters, random fields and maximum entropy (FRAME): Towards a unified theory for texture modeling},
  author={Zhu, Song Chun and Wu, Yingnian and Mumford, David},
  journal={International Journal of Computer Vision},
  volume={27},
  number={2},
  pages={107--126},
  year={1998},
  publisher={Springer}
}

@inproceedings{xie2016theory,
  title={A theory of generative convnet},
  author={Xie, Jianwen and Lu, Yang and Zhu, Song-Chun and Wu, Yingnian},
  booktitle={International Conference on Machine Learning},
  pages={2635--2644},
  year={2016},
  organization={PMLR}
}

@article{xie2020generative,
  title={Generative VoxelNet: Learning Energy-Based Models for 3D Shape Synthesis and Analysis},
  author={Xie, Jianwen and Zheng, Zilong and Gao, Ruiqi and Wang, Wenguan and Zhu, Song-Chun and Wu, Ying Nian},
  journal={IEEE Transactions on Pattern Analysis and Machine Intelligence},
  year={2020},
  publisher={IEEE}
}

@article{du2019implicit,
  title={Implicit generation and modeling with energy based models},
  author={Du, Yilun and Mordatch, Igor},
  year={2019}
}

@article{mikolov2013distributed,
  title={Distributed representations of words and phrases and their compositionality},
  author={Mikolov, Tomas and Sutskever, Ilya and Chen, Kai and Corrado, Greg and Dean, Jeffrey},
  journal={arXiv preprint arXiv:1310.4546},
  year={2013}
}

@article{deng2020residual,
  title={Residual energy-based models for text generation},
  author={Deng, Yuntian and Bakhtin, Anton and Ott, Myle and Szlam, Arthur and Ranzato, Marc'Aurelio},
  journal={arXiv preprint arXiv:2004.11714},
  year={2020}
}


@inproceedings{haarnoja2017reinforcement,
  title={Reinforcement learning with deep energy-based policies},
  author={Haarnoja, Tuomas and Tang, Haoran and Abbeel, Pieter and Levine, Sergey},
  booktitle={International Conference on Machine Learning},
  pages={1352--1361},
  year={2017},
  organization={PMLR}
}

@inproceedings{wenliang2019learning,
  title={Learning deep kernels for exponential family densities},
  author={Wenliang, Li and Sutherland, Dougal and Strathmann, Heiko and Gretton, Arthur},
  booktitle={International Conference on Machine Learning},
  pages={6737--6746},
  year={2019},
  organization={PMLR}
}

@inproceedings{song2020sliced,
  title={Sliced score matching: A scalable approach to density and score estimation},
  author={Song, Yang and Garg, Sahaj and Shi, Jiaxin and Ermon, Stefano},
  booktitle={Uncertainty in Artificial Intelligence},
  pages={574--584},
  year={2020},
  organization={PMLR}
}

@article{song2021train,
  title={How to Train Your Energy-Based Models},
  author={Song, Yang and Kingma, Diederik P},
  journal={arXiv preprint arXiv:2101.03288},
  year={2021}
}