@inproceedings{mcmahan2017communication,
  author    = {Brendan McMahan and
               Eider Moore and
               Daniel Ramage and
               Seth Hampson and
               Blaise Ag{\"{u}}era y Arcas},
  title     = {Communication-Efficient Learning of Deep Networks from Decentralized
               Data},
  booktitle = {Proceedings of the 20th International Conference on Artificial Intelligence
               and Statistics (AISTATS)},
  address   = {Fort Lauderdale,
               FL},
  pages     = {1273--1282},
  year      = {2017}
}

@article{konevcny2016federated,
  title={Federated learning: Strategies for improving communication efficiency},
  author={Kone{\v{c}}n{\`y}, Jakub and McMahan, H Brendan and Yu, Felix X and Richt{\'a}rik, Peter and Suresh, Ananda Theertha and Bacon, Dave},
  journal={arXiv preprint arXiv:1610.05492},
  year={2016}
}

@inproceedings{lin2017deep,
  author    = {Yujun Lin and
               Song Han and
               Huizi Mao and
               Yu Wang and
               Bill Dally},
  title     = {Deep Gradient Compression: Reducing the Communication Bandwidth for
               Distributed Training},
  booktitle = {Proceedings of the 6th International Conference on Learning Representations (ICLR)},
  address   = {
               Vancouver, Canada},
  year      = {2018}
}

@article{chen2021convergent,
  title={On the Convergence of Decentralized Adaptive Gradient Methods},
  author={Chen, Xiangyi and Karimi, Belhal and Zhao, Weijie and Li, Ping},
   journal={arXiv preprint arXiv:2109.03194},
  year={2021}
}


@inproceedings{alistarh2017qsgd,
  author    = {Dan Alistarh and
               Demjan Grubic and
               Jerry Li and
               Ryota Tomioka and
               Milan Vojnovic},
  title     = {{QSGD:} Communication-Efficient {SGD} via Gradient Quantization and
               Encoding},
  booktitle = {Advances in Neural Information Processing Systems (NIPS)},
  address   = {
               Long Beach, CA},
  pages     = {1709--1720},
  year      = {2017}
}

@inproceedings{wangni2018gradient,
  author    = {Jianqiao Wangni and
               Jialei Wang and
               Ji Liu and
               Tong Zhang},
  title     = {Gradient Sparsification for Communication-Efficient Distributed Optimization},
  booktitle = {Advances in Neural Information Processing Systems (NeurIPS)},
  address   = {Montr{\'{e}}al, Canada},
  pages     = {1306--1316},
  year      = {2018}
}

@inproceedings{chen2020toward,
  author    = {Xiangyi Chen and
               Xiaoyun Li and
               Ping Li},
  title     = {Toward Communication Efficient Adaptive Gradient Method},
  booktitle = {Proceedings of the {ACM-IMS} Foundations of Data Science Conference (FODS)},
  address   = {Virtual
               Event, USA},
  pages     = {119--128},
  year      = {2020}
}
@inproceedings{you2019large,
  author    = {Yang You and
               Jing Li and
               Sashank J. Reddi and
               Jonathan Hseu and
               Sanjiv Kumar and
               Srinadh Bhojanapalli and
               Xiaodan Song and
               James Demmel and
               Kurt Keutzer and
               Cho{-}Jui Hsieh},
  title     = {Large Batch Optimization for Deep Learning: Training {BERT} in 76
               minutes},
  booktitle = {Proceedings of the 8th International Conference on Learning Representations (ICLR)},
  address   = {Addis Ababa, Ethiopia},
  year      = {2020}
}


@inproceedings{reddi2019convergence,
  author    = {Sashank J. Reddi and
               Satyen Kale and
               Sanjiv Kumar},
  title     = {On the Convergence of Adam and Beyond},
  booktitle = {Proceedings of the 6th International Conference on Learning Representations (ICLR)},
  address   = {
               Vancouver, Canada},
  year      = {2018}
}


@ARTICLE{RKK18,
  title={On the Convergence of Adam and Beyond },
  author={Sashank J. Reddi and Satyen Kale and Sanjiv Kumar},
  journal={ICLR},
  year={2018}
}

@inproceedings{KB15,
  author    = {Diederik P. Kingma and
               Jimmy Ba},
  title     = {Adam: {A} Method for Stochastic Optimization},
  booktitle = {Proceedings of the 3rd International Conference on Learning Representations (ICLR)},
  address   = {
               San Diego, CA},
  year      = {2015}
}
@ARTICLE{TH12,
  title = {RmsProp: Divide the gradient by a running average of its recent magnitude},
  author    = {T. Tieleman and G. Hinton},
  journal = {COURSERA: Neural Networks for Machine Learning},
  year = {2012}
}


@ARTICLE{Z12,
  title={Adadelta: an adaptive learning rate method},
  author={Zeiler, Matthew D},
  journal={arXiv preprint arXiv:1212.5701},
  year={2012}
}

@ARTICLE{D16,
  title={Incorporating nesterov momentum into adam},
  author={Dozat, Timothy},
  year={2016}
}

@inproceedings{dozat2016incorporating,
  author    = {Dozat, Timothy},
  title     = {Incorporating nesterov momentum into {Adam}},
  booktitle = {Proceedings of the 4th International Conference on Learning Representations (ICLR Workshop)},
  address   = {San Juan, Puerto Rico},
  year      = {2016}
}


@ARTICLE{DHS11,
  author    = {John C. Duchi and
               Elad Hazan and
               Yoram Singer},
  title     = {Adaptive Subgradient Methods for Online Learning and Stochastic Optimization},
  journal   = {J. Mach. Learn. Res.},
  volume    = {12},
  pages     = {2121--2159},
  year      = {2011}
}


@ARTICLE{N04,
    title = {Introductory Lectures on Convex Optimization:
A Basic Course},
    Author = {Yurii Nesterov},
    journal = {Springer},
    year = {2004},
}


@ARTICLE{P64,
  title = {Some methods of speeding up the convergence of iteration methods},
  author    = {B. T. Polyak},
  journal = {Mathematics and Mathematical Physics},
  year = {1964}
}



@inproceedings{li2014scaling,
  author    = {Mu Li and
               David G. Andersen and
               Jun Woo Park and
               Alexander J. Smola and
               Amr Ahmed and
               Vanja Josifovski and
               James Long and
               Eugene J. Shekita and
               Bor{-}Yiing Su},
  title     = {Scaling Distributed Machine Learning with the Parameter Server},
  booktitle = {Proceedings of the 11th {USENIX} Symposium on Operating Systems Design and Implementation (OSDI)},
  address   = {Broomfield, CO},
  pages     = {583--598},
  year      = {2014}
}

@inproceedings{zhao2020distributed,
  author    = {Weijie Zhao and
               Deping Xie and
               Ronglai Jia and
               Yulei Qian and
               Ruiquan Ding and
               Mingming Sun and
               Ping Li},
  title     = {Distributed Hierarchical {GPU} Parameter Server for Massive Scale
               Deep Learning Ads Systems},
  booktitle = {Proceedings of Machine Learning and Systems (MLSys)},
  address   = {Austin, TX},
  year      = {2020}
}

@inproceedings{recht2011hogwild,
  author    = {Benjamin Recht and
               Christopher R{\'{e}} and
               Stephen J. Wright and
               Feng Niu},
  title     = {Hogwild: {A} Lock-Free Approach to Parallelizing Stochastic Gradient
               Descent},
  booktitle = {Advances in Neural Information Processing Systems  (NIPS)},
  address   = {Granada, Spain},
  pages     = {693--701},
  year      = {2011}
}


@inproceedings{zhou2017convergence,
  author    = {Fan Zhou and
               Guojing Cong},
  title     = {On the Convergence Properties of a K-step Averaging Stochastic Gradient
               Descent Algorithm for Nonconvex Optimization},
  booktitle = {Proceedings of the Twenty-Seventh International Joint Conference on
               Artificial Intelligence (IJCAI)},
  address   = {Stockholm,
               Sweden},
  pages     = {3219--3227},
  year      = {2018}
}

@inproceedings{stich2018local,
  author    = {Sebastian U. Stich},
  title     = {Local {SGD} Converges Fast and Communicates Little},
  booktitle = {Proceedings of the 7th International Conference on Learning Representations (ICLR)},
  address   = {
               New Orleans, LA},
  year      = {2019}
}


@inproceedings{Proc:He-resnet16,
  author    = {Kaiming He and
               Xiangyu Zhang and
               Shaoqing Ren and
               Jian Sun},
  title     = {Deep Residual Learning for Image Recognition},
  booktitle = {Proceedings of the 2016 {IEEE} Conference on Computer Vision and Pattern Recognition (CVPR)},
  address   = {Las Vegas, NV},
  pages     = {770--778},
  year      = {2016}
}

@article{ghadimi2013stochastic,
  author    = {Saeed Ghadimi and
               Guanghui Lan},
  title     = {Stochastic First- and Zeroth-Order Methods for Nonconvex Stochastic
               Programming},
  journal   = {{SIAM} J. Optim.},
  volume    = {23},
  number    = {4},
  pages     = {2341--2368},
  year      = {2013}
}
	
@article{karimireddy2019scaffold,
  title={SCAFFOLD: Stochastic Controlled Averaging for On-Device Federated Learning},
  author={Karimireddy, Sai Praneeth and Kale, Satyen and Mohri, Mehryar and Reddi, Sashank J and Stich, Sebastian U and Suresh, Ananda Theertha},
  journal={arXiv preprint arXiv:1910.06378},
  year={2019}
}

@inproceedings{reddi2020adaptive,
  author    = {Sashank J. Reddi and
               Zachary Charles and
               Manzil Zaheer and
               Zachary Garrett and
               Keith Rush and
               Jakub Kone{\v{c}}n{\'y} and
               Sanjiv Kumar and
               Hugh Brendan McMahan},
  title     = {Adaptive Federated Optimization},
  booktitle = {Proceedings of the 9th International Conference on Learning Representations (ICLR)},
  address   = {
               Virtual Event, Austria},
  year      = {2021}
}

@article{horvath2019stochastic,
  title={Stochastic distributed learning with gradient quantization and variance reduction},
  author={Horv{\'a}th, Samuel and Kovalev, Dmitry and Mishchenko, Konstantin and Stich, Sebastian and Richt{\'a}rik, Peter},
  journal={arXiv preprint arXiv:1904.05115},
  year={2019}
}

@article{li2019federated,
  author    = {Tian Li and
               Anit Kumar Sahu and
               Ameet Talwalkar and
               Virginia Smith},
  title     = {Federated Learning: Challenges, Methods, and Future Directions},
  journal   = {{IEEE} Signal Process. Mag.},
  volume    = {37},
  number    = {3},
  pages     = {50--60},
  year      = {2020}
}


@article{liang2019variance,
  title={Variance Reduced Local SGD with Lower Communication Complexity},
  author={Liang, Xianfeng and Shen, Shuheng and Liu, Jingchang and Pan, Zhen and Chen, Enhong and Cheng, Yifei},
  journal={arXiv preprint arXiv:1912.12844},
  year={2019}
}

@inproceedings{haddadpour2020federated,
  author    = {Farzin Haddadpour and
               Mohammad Mahdi Kamani and
               Aryan Mokhtari and
               Mehrdad Mahdavi},
  title     = {Federated Learning with Compression: Unified Analysis and Sharp Guarantees},
  booktitle = {Proceedings of the 24th International Conference on Artificial Intelligence and Statistics (AISTATS)},
  address   = {Virtual Event},
  pages     = {2350--2358},
  year      = {2021}
}
@article{haddadpour2020fedsketch,
  title={Fedsketch: Communication-efficient and private federated learning via sketching},
  author={Haddadpour, Farzin and Karimi, Belhal and Li, Ping and Li, Xiaoyun},
  journal={arXiv preprint arXiv:2008.04975},
  year={2020}
}

@inproceedings{ivkin2019communication,
  author    = {Nikita Ivkin and
               Daniel Rothchild and
               Enayat Ullah and
               Vladimir Braverman and
               Ion Stoica and
               Raman Arora},
  title     = {Communication-efficient Distributed {SGD} with Sketching},
  booktitle = {Advances in Neural Information Processing Systems (NeurIPS)},
  address   = {Vancouver,  Canada},
  pages     = {13144--13154},
  year      = {2019}
}

@article{li2019privacy,
  title={Privacy for Free: Communication-Efficient Learning with Differential Privacy Using Sketches},
  author={Li, Tian and Liu, Zaoxing and Sekar, Vyas and Smith, Virginia},
  journal={arXiv preprint arXiv:1911.00972},
  year={2019}
}

@article{lecun1998mnist,
	Author = {LeCun, Yann},
	Journal = {http://yann. lecun. com/exdb/mnist/},
	Title = {The MNIST database of handwritten digits},
	Year = {1998}}
	
@article{krizhevsky2009learning,
  title={Learning multiple layers of features from tiny images},
  author={Krizhevsky, Alex},
  journal={Master's thesis, Department of Computer Science, University of Toronto},
  year={2009}
}

@article{Arxiv:Zhou_18,
  title={On the convergence of adaptive gradient methods for nonconvex optimization},
  author={Zhou, Dongruo and Chen, Jinghui and Cao, Yuan and Tang, Yiqi and Yang, Ziyan and Gu, Quanquan},
  journal={arXiv preprint arXiv:1808.05671},
  year={2018}
}

@inproceedings{mcmahan2010adaptive,
  author    = {Brendan McMahan and
               Matthew J. Streeter},
  title     = {Adaptive Bound Optimization for Online Convex Optimization},
  booktitle = {Proceedings of the 23rd Conference on Learning Theory (COLT)}, 
  address   = {Haifa, Israel},
  pages     = {244--256},
  year      = {2010}
}

@article{wang2019optimistic,
  title={An optimistic acceleration of amsgrad for nonconvex optimization},
  author={Wang, Jun-Kun and Li, Xiaoyun and Karimi, Belhal and Li, Ping},
  journal={arXiv preprint arXiv:1903.01435},
  year={2019}
}

@inproceedings{zhou2020towards,
  author    = {Yingxue Zhou and
               Belhal Karimi and
               Jinxing Yu and
               Zhiqiang Xu and
               Ping Li},
  title     = {Towards Better Generalization of Adaptive Gradient Methods},
  booktitle = {Advances in Neural Information Processing Systems (NeurIPS)},
  address   = {virtual},
  year      = {2020}
}
@article{le2015tiny,
  title={Tiny imagenet visual recognition challenge},
  author={Le, Ya and Yang, Xuan},
  journal={CS 231N},
  volume={7},
  number={7},
  pages={3},
  year={2015}
}

@inproceedings{deng2009imagenet,
  author    = {Jia Deng and
               Wei Dong and
               Richard Socher and
               Li{-}Jia Li and
               Kai Li and
               Li Fei{-}Fei},
  title     = {ImageNet: {A} large-scale hierarchical image database},
  booktitle = {Proceedings of the 2009 {IEEE} Computer Society Conference on Computer Vision and Pattern
               Recognition (CVPR)},
  address   = {Miami, FL},
  pages     = {248--255},
  year      = {2009}
}


@inproceedings{Proc:Rothchild_ICML20,
  title={Fetchsgd: Communication-efficient federated learning with sketching},
  author={Rothchild, Daniel and Panda, Ashwinee and Ullah, Enayat and Ivkin, Nikita and Stoica, Ion and Braverman, Vladimir and Gonzalez, Joseph and Arora, Raman},
  booktitle={International Conference on Machine Learning},
  pages={8253--8265},
  year={2020},
  organization={PMLR}
}


@article{fmnist,
  author    = {Han Xiao and
               Kashif Rasul and
               Roland Vollgraf},
  title     = {Fashion-MNIST: a Novel Image Dataset for Benchmarking Machine Learning
               Algorithms},
  journal   = {CoRR},
  volume    = {abs/1708.07747},
  year      = {2017}
}

@article{xiao2017fashion,
  title={{Fashion-MNIST}: a novel image dataset for benchmarking machine learning algorithms},
  author={Xiao, Han and Rasul, Kashif and Vollgraf, Roland},
  journal={arXiv preprint arXiv:1708.07747},
  year={2017}
}


@article{karimireddy2020mime,
  title={Mime: Mimicking centralized stochastic algorithms in federated learning},
  author={Karimireddy, Sai Praneeth and Jaggi, Martin and Kale, Satyen and Mohri, Mehryar and Reddi, Sashank J and Stich, Sebastian U and Suresh, Ananda Theertha},
  journal={arXiv preprint arXiv:2008.03606},
  year={2020}
}

@inproceedings{bert19,
  author    = {Jacob Devlin and
               Ming{-}Wei Chang and
               Kenton Lee and
               Kristina Toutanova},
  title     = {{BERT:} Pre-training of Deep Bidirectional Transformers for Language
               Understanding},
  booktitle = {Proceedings of the 2019 Conference of the North American Chapter of
               the Association for Computational Linguistics: Human Language Technologies,
               {NAACL-HLT} 2019, Minneapolis, MN, USA, June 2-7, 2019, Volume 1 (Long
               and Short Papers)},
  pages     = {4171--4186},
  publisher = {Association for Computational Linguistics},
  year      = {2019}
}

@article{zhou2018convergence,
  title={On the convergence of adaptive gradient methods for nonconvex optimization},
  author={Zhou, Dongruo and Chen, Jinghui and Cao, Yuan and Tang, Yiqi and Yang, Ziyan and Gu, Quanquan},
  journal={arXiv preprint arXiv:1808.05671},
  year={2018}
}

@inproceedings{Proc:Chen_ICLR19,
  author    = {Xiangyi Chen and
               Sijia Liu and
               Ruoyu Sun and
               Mingyi Hong},
  title     = {On the Convergence of {A} Class of Adam-Type Algorithms for Non-Convex
               Optimization},
  booktitle = {7th International Conference on Learning Representations, {ICLR} 2019,
               New Orleans, LA, USA, May 6-9, 2019},
  publisher = {OpenReview.net},
  year      = {2019}
}

@inproceedings{Proc:LARS18,
  author    = {Yang You and
               Zhao Zhang and
               Cho{-}Jui Hsieh and
               James Demmel and
               Kurt Keutzer},
  title     = {ImageNet Training in Minutes},
  booktitle = {Proceedings of the 47th International Conference on Parallel Processing,
               {ICPP} 2018, Eugene, OR, USA, August 13-16, 2018},
  pages     = {1:1--1:10},
  publisher = {{ACM}},
  year      = {2018}
}

@article{Article:YangLCT19,
  author    = {Qiang Yang and
               Yang Liu and
               Tianjian Chen and
               Yongxin Tong},
  title     = {Federated Machine Learning: Concept and Applications},
  journal   = {{ACM} Trans. Intell. Syst. Technol.},
  volume    = {10},
  number    = {2},
  pages     = {12:1--12:19},
  year      = {2019}
}

@article{Proc:XuGSWBW21,
  author    = {Jie Xu and
               Benjamin S. Glicksberg and
               Chang Su and
               Peter B. Walker and
               Jiang Bian and
               Fei Wang},
  title     = {Federated Learning for Healthcare Informatics},
  journal   = {J. Heal. Informatics Res.},
  volume    = {5},
  number    = {1},
  pages     = {1--19},
  year      = {2021}
}

@inproceedings{Proc:Leroy_ICASSP19,
  author    = {David Leroy and
               Alice Coucke and
               Thibaut Lavril and
               Thibault Gisselbrecht and
               Joseph Dureau},
  title     = {Federated Learning for Keyword Spotting},
  booktitle = {{IEEE} International Conference on Acoustics, Speech and Signal Processing,
               {ICASSP} 2019, Brighton, United Kingdom, May 12-17, 2019},
  pages     = {6341--6345},
  publisher = {{IEEE}},
  year      = {2019}
}

@article{bonawitz2019towards,
  title={Towards federated learning at scale: System design},
  author={Bonawitz, Keith and Eichner, Hubert and Grieskamp, Wolfgang and Huba, Dzmitry and Ingerman, Alex and Ivanov, Vladimir and Kiddon, Chloe and Kone{\v{c}}n{\`y}, Jakub and Mazzocchi, Stefano and McMahan, H Brendan and others},
  journal={arXiv preprint arXiv:1902.01046},
  year={2019}
}

@article{Article:NiknamDR20,
  author    = {Solmaz Niknam and
               Harpreet S. Dhillon and
               Jeffrey H. Reed},
  title     = {Federated Learning for Wireless Communications: Motivation, Opportunities,
               and Challenges},
  journal   = {{IEEE} Commun. Mag.},
  volume    = {58},
  number    = {6},
  pages     = {46--51},
  year      = {2020}
}

@inproceedings{Proc:Khaled_AISTATS20,
  author    = {Ahmed Khaled and
               Konstantin Mishchenko and
               Peter Richt{\'{a}}rik},
  title     = {Tighter Theory for Local {SGD} on Identical and Heterogeneous Data},
  booktitle = {The 23rd International Conference on Artificial Intelligence and Statistics,
               {AISTATS} 2020, 26-28 August 2020, Online [Palermo, Sicily, Italy]},
  series    = {Proceedings of Machine Learning Research},
  volume    = {108},
  pages     = {4519--4529},
  publisher = {{PMLR}},
  year      = {2020}
}

@inproceedings{Proc:Woodworth_ICML20,
  author    = {Blake E. Woodworth and
               Kumar Kshitij Patel and
               Sebastian U. Stich and
               Zhen Dai and
               Brian Bullins and
               H. Brendan McMahan and
               Ohad Shamir and
               Nathan Srebro},
  title     = {Is Local {SGD} Better than Minibatch SGD?},
  booktitle = {Proceedings of the 37th International Conference on Machine Learning,
               {ICML} 2020, 13-18 July 2020, Virtual Event},
  series    = {Proceedings of Machine Learning Research},
  volume    = {119},
  pages     = {10334--10343},
  publisher = {{PMLR}},
  year      = {2020}
}

@inproceedings{Proc:YuJY_ICML19,
  author    = {Hao Yu and
               Rong Jin and
               Sen Yang},
  title     = {On the Linear Speedup Analysis of Communication Efficient Momentum
               {SGD} for Distributed Non-Convex Optimization},
  booktitle = {Proceedings of the 36th International Conference on Machine Learning,
               {ICML} 2019, 9-15 June 2019, Long Beach, California, {USA}},
  series    = {Proceedings of Machine Learning Research},
  volume    = {97},
  pages     = {7184--7193},
  publisher = {{PMLR}},
  year      = {2019}
}

@inproceedings{Proc:Li_ICLR20,
  author    = {Xiang Li and
               Kaixuan Huang and
               Wenhao Yang and
               Shusen Wang and
               Zhihua Zhang},
  title     = {On the Convergence of FedAvg on Non-IID Data},
  booktitle = {8th International Conference on Learning Representations, {ICLR} 2020,
               Addis Ababa, Ethiopia, April 26-30, 2020},
  publisher = {OpenReview.net},
  year      = {2020}
}

@article{Article:Sahu_arxiv18,
  author    = {Anit Kumar Sahu and
               Tian Li and
               Maziar Sanjabi and
               Manzil Zaheer and
               Ameet Talwalkar and
               Virginia Smith},
  title     = {On the Convergence of Federated Optimization in Heterogeneous Networks},
  journal   = {CoRR},
  volume    = {abs/1812.06127},
  year      = {2018}
}

@inproceedings{Proc:WangTBR_ICLR20,
  author    = {Jianyu Wang and
               Vinayak Tantia and
               Nicolas Ballas and
               Michael G. Rabbat},
  title     = {SlowMo: Improving Communication-Efficient Distributed {SGD} with Slow
               Momentum},
  booktitle = {8th International Conference on Learning Representations, {ICLR} 2020,
               Addis Ababa, Ethiopia, April 26-30, 2020},
  publisher = {OpenReview.net},
  year      = {2020}
}