
@article{allassonniere2010construction,
  title={Construction of Bayesian deformable models via a stochastic approximation algorithm: a convergence study},
  author={Allassonni{\`e}re, St{\'e}phanie and Kuhn, Estelle and Trouv{\'e}, Alain and others},
  journal={Bernoulli},
  volume={16},
  number={3},
  pages={641--678},
  year={2010},
  publisher={Bernoulli Society for Mathematical Statistics and Probability}
}

@inproceedings{karimi2019global,
  title={On the global convergence of (fast) incremental expectation maximization methods},
  author={Karimi, Belhal and Wai, Hoi-To and Moulines, {\'E}ric and Lavielle, Marc},
  booktitle={Advances in Neural Information Processing Systems},
  pages={2833--2843},
  year={2019}
}


@phdthesis{karimi2019non,
  title={Non-Convex Optimization for Latent Data Models: Algorithms, Analysis and Applications},
  author={Karimi, Belhal},
  year={2019}
}

@article{kuhn2019properties,
  title={Properties of the Stochastic Approximation EM Algorithm with Mini-batch Sampling},
  author={Kuhn, Estelle and Matias, Catherine and Rebafka, Tabea},
  journal={arXiv preprint arXiv:1907.09164},
  year={2019}
}


@article{delyon1999,
author = "Delyon, Bernard and Lavielle, Marc and Moulines, Eric",
doi = "10.1214/aos/1018031103",
fjournal = "The Annals of Statistics",
journal = "Ann. Statist.",
month = "03",
number = "1",
pages = "94--128",
publisher = "The Institute of Mathematical Statistics",
title = "Convergence of a stochastic approximation version of the EM 			 algorithm",
url = "https://doi.org/10.1214/aos/1018031103",
volume = "27",
year = "1999"
}



@phdthesis{medelyan2009human,
  title={Human-competitive automatic topic indexing},
  author={Medelyan, Olena},
  year={2009},
  school={The University of Waikato}
}

@article{balakrishnan2017Statistical,
author = "Balakrishnan, Sivaraman and Wainwright, Martin J. and Yu, Bin",
doi = "10.1214/16-AOS1435",
fjournal = "The Annals of Statistics",
journal = "Ann. Statist.",
month = "02",
number = "1",
pages = "77--120",
publisher = "The Institute of Mathematical Statistics",
title = "Statistical guarantees for the {EM} algorithm: From population to sample-based analysis",
volume = "45",
year = "2017"
}

@article{mclachlan2019finite,
  title={Finite mixture models},
  author={McLachlan, Geoffrey J and Lee, Sharon X and Rathnayake, Suren I},
  journal={Annual review of statistics and its application},
  volume={6},
  pages={355--378},
  year={2019},
  publisher={Annual Reviews}
}


@article{deerwester1990indexing,
  title={Indexing by latent semantic analysis},
  author={Deerwester, Scott and Dumais, Susan T and Furnas, George W and Landauer, Thomas K and Harshman, Richard},
  journal={Journal of the American society for information science},
  volume={41},
  number={6},
  pages={391--407},
  year={1990},
  publisher={Wiley Online Library}
}



@article{ablin2018algorithms,
  title={{EM} algorithms for {ICA}},
  author={Ablin, Pierre and Gramfort, Alexandre and Cardoso, Jean-Fran{\c{c}}ois and Bach, Francis},
  journal={arXiv preprint arXiv:1805.10054},
  year={2018}
}

@inproceedings{levin2011efficient,
  title={Efficient marginal likelihood optimization in blind deconvolution},
  author={Levin, Anat and Weiss, Yair and Durand, Fredo and Freeman, William T},
  booktitle={CVPR 2011},
  pages={2657--2664},
  year={2011},
  organization={IEEE}
}

@article{cappe2011online,
  title={Online {EM} algorithm for hidden Markov models},
  author={Capp{\'e}, Olivier},
  journal={Journal of Computational and Graphical Statistics},
  volume={20},
  number={3},
  pages={728--749},
  year={2011},
  publisher={Taylor \& Francis}
}

@article{dempster1977Maximum,
  title={Maximum likelihood from incomplete data via the {EM} algorithm},
  author={Dempster, Arthur P and Laird, Nan M and Rubin, Donald B},
  journal={Journal of the royal statistical society. Series B (methodological)},
  pages={1--38},
  year={1977},
  publisher={JSTOR}
}


@inproceedings{allen2016variance,
	Author = {Allen-Zhu, Zeyuan and Hazan, Elad},
	Booktitle = {International Conference on Machine Learning},
	Date-Added = {2019-03-23 23:19:57 +0800},
	Date-Modified = {2019-03-23 23:19:57 +0800},
	Pages = {699--707},
	Title = {Variance reduction for faster non-convex optimization},
	Year = {2016}}

@inproceedings{reddi2016stochastic,
	Author = {Reddi, Sashank J and Hefny, Ahmed and Sra, Suvrit and Poczos, Barnabas and Smola, Alex},
	Booktitle = {International conference on machine learning},
	Date-Added = {2019-03-23 23:19:37 +0800},
	Date-Modified = {2019-03-23 23:19:37 +0800},
	Pages = {314--323},
	Title = {Stochastic variance reduction for nonconvex optimization},
	Year = {2016}}


@book{mclachlan2007algorithm,
  title={The {EM} algorithm and extensions},
  author={McLachlan, Geoffrey and Krishnan, Thriyambakam},
  volume={382},
  year={2007},
  publisher={John Wiley \& Sons}
}

@article{wu1983convergence,
	Author = {Wu, CF Jeff and others},
	Date-Added = {2019-03-09 16:33:40 +0800},
	Date-Modified = {2019-03-09 16:33:40 +0800},
	Journal = {The Annals of statistics},
	Number = {1},
	Pages = {95--103},
	Publisher = {Institute of Mathematical Statistics},
	Title = {On the convergence properties of the {EM} algorithm},
	Volume = {11},
	Year = {1983}}

@inproceedings{defazio2014saga,
	Author = {Defazio, Aaron and Bach, Francis and Lacoste-Julien, Simon},
	Booktitle = {Advances in neural information processing systems},
	Date-Added = {2019-03-09 14:53:35 +0800},
	Date-Modified = {2019-03-09 14:53:35 +0800},
	Pages = {1646--1654},
	Title = {SAGA: A fast incremental gradient method with support for non-strongly convex composite objectives},
	Year = {2014}}

@article{bertsekas2011incremental,
	Author = {Bertsekas, Dimitri P},
	Date-Added = {2019-03-09 14:37:59 +0800},
	Date-Modified = {2019-03-09 14:37:59 +0800},
	Journal = {Optimization for Machine Learning},
	Number = {1-38},
	Pages = {3},
	Publisher = {MIT press},
	Title = {Incremental gradient, subgradient, and proximal methods for convex optimization: A survey},
	Volume = {2010},
	Year = {2011}}

@inproceedings{chen2018stochastic,
	Author = {Chen, Jianfei and Zhu, Jun and Teh, Yee Whye and Zhang, Tong},
	Booktitle = {Advances in Neural Information Processing Systems},
	Date-Added = {2019-03-04 18:07:23 +0800},
	Date-Modified = {2019-03-04 18:07:23 +0800},
	Pages = {7978--7988},
	Title = {Stochastic Expectation Maximization with Variance Reduction},
	Year = {2018}}

@incollection{neal1998view,
	Author = {Neal, Radford M and Hinton, Geoffrey E},
	Booktitle = {Learning in graphical models},
	Date-Added = {2019-03-04 18:06:47 +0800},
	Date-Modified = {2019-03-04 18:06:47 +0800},
	Pages = {355--368},
	Publisher = {Springer},
	Title = {A view of the {EM} algorithm that justifies incremental, sparse, and other variants},
	Year = {1998}}

@article{mairal2015incremental,
	Author = {Mairal, Julien},
	Date-Added = {2019-02-24 00:59:12 +0800},
	Date-Modified = {2019-02-24 00:59:12 +0800},
	Journal = {SIAM Journal on Optimization},
	Number = {2},
	Pages = {829--855},
	Publisher = {SIAM},
	Title = {Incremental majorization-minimization optimization with application to large-scale machine learning},
	Volume = {25},
	Year = {2015}}

@article{reddi2016fast,
	Author = {Reddi, Sashank J and Sra, Suvrit and P{\'o}czos, Barnab{\'a}s and Smola, Alex},
	Date-Added = {2019-02-19 14:31:34 +0800},
	Date-Modified = {2019-02-19 14:31:34 +0800},
	Journal = {arXiv preprint arXiv:1603.06159},
	Title = {Fast incremental method for nonconvex optimization},
	Year = {2016}}

@article{ghadimi2013stochastic,
	Author = {Ghadimi, Saeed and Lan, Guanghui},
	Date-Added = {2018-10-27 15:50:56 -0400},
	Date-Modified = {2018-10-27 15:50:56 -0400},
	Journal = {SIAM Journal on Optimization},
	Number = {4},
	Pages = {2341--2368},
	Publisher = {SIAM},
	Title = {Stochastic first-and zeroth-order methods for nonconvex stochastic programming},
	Volume = {23},
	Year = {2013}}

@article{cappe2009line,
	Author = {Capp{\'e}, Olivier and Moulines, Eric},
	Date-Added = {2018-06-10 13:43:47 +0000},
	Date-Modified = {2018-06-10 13:43:47 +0000},
	Journal = {Journal of the Royal Statistical Society: Series B (Statistical Methodology)},
	Number = {3},
	Pages = {593--613},
	Publisher = {Wiley Online Library},
	Title = {On-line expectation--maximization algorithm for latent data models},
	Volume = {71},
	Year = {2009}}

@article{fort2011convergence,
	Author = {Fort, G and Moulines, E and Priouret, P and others},
	Journal = {The Annals of Statistics},
	Number = {6},
	Pages = {3262--3289},
	Publisher = {Institute of Mathematical Statistics},
	Title = {Convergence of adaptive and interacting Markov chain Monte Carlo algorithms},
	Volume = {39},
	Year = {2011}}

@incollection{leroux:schmidt:bach:2012,
title = {A Stochastic Gradient Method with an Exponential Convergence \_Rate for Finite Training Sets},
author = {Nicolas L. Roux and Schmidt, Mark and Francis R. Bach},
booktitle = {Advances in Neural Information Processing Systems 25},
editor = {F. Pereira and C. J. C. Burges and L. Bottou and K. Q. Weinberger},
pages = {2663--2671},
year = {2012},
publisher = {Curran Associates, Inc.},
url = {http://papers.nips.cc/paper/4633-a-stochastic-gradient-method-with-an-exponential-convergence-_rate-for-finite-training-sets.pdf}
}

@inproceedings{johnson:zhang:2013,
  title={Accelerating stochastic gradient descent using predictive variance reduction},
  author={Johnson, Rie and Zhang, Tong},
  booktitle={Advances in neural information processing systems},
  pages={315--323},
  year={2013}
}

@article{hinton2006fast,
  title={A fast learning algorithm for deep belief nets},
  author={Hinton, Geoffrey E and Osindero, Simon and Teh, Yee-Whye},
  journal={Neural computation},
  volume={18},
  number={7},
  pages={1527--1554},
  year={2006},
  publisher={MIT Press}
}

@inproceedings{hofmann2017probabilistic,
 author = {Hofmann, Thomas},
 title = {Probabilistic Latent Semantic Indexing},
 booktitle = {Proceedings of the 22Nd Annual International ACM SIGIR Conference on Research and Development in Information Retrieval},
 series = {SIGIR '99},
 year = {1999},
 isbn = {1-58113-096-1},
 location = {Berkeley, California, USA},
 pages = {50--57},
 numpages = {8},
 doi = {10.1145/312624.312649},
 acmid = {312649},
 publisher = {ACM},
 address = {New York, NY, USA},
 %url = {http://doi.acm.org/10.1145/312624.312649}
} 


@article{gunawardana2005convergence,
  author    = {Asela Gunawardana and
               William Byrne},
  title     = {Convergence Theorems for Generalized Alternating Minimization Procedures},
  journal   = {Journal of Machine Learning Research},
  volume    = {6},
  pages     = {2049--2073},
  year      = {2005},
  timestamp = {Wed, 21 Feb 2007 09:15:37 +0100},
  biburl    = {https://dblp.org/rec/bib/journals/jmlr/GunawardanaB05},
  bibsource = {dblp computer science bibliography, https://dblp.org}
}

@article {csiszar:tusnady:1984,
    AUTHOR = {Csisz\'{a}r, I. and Tusn\'{a}dy, G.},
     TITLE = {Information geometry and alternating minimization procedures},
      NOTE = {Recent results in estimation theory and related topics},
   JOURNAL = {Statist. Decisions},
  FJOURNAL = {Statistics \& Decisions. International Journal for Statistical
              Theory and Related Fields},
      YEAR = {1984},
    VOLUME = {suppl. 1},
     PAGES = {205--237},
      ISSN = {0721-2631},
   MRCLASS = {60A10 (62B10 94A15)},
  MRNUMBER = {785210},
MRREVIEWER = {A. I. Dale},
}

@article{ThiessonAccelerating2001,
Author = {Thiesson, B and Meek, C and Heckerman, D},
Title = {{Accelerating {EM} for large databases}},
Journal = {{Machine Learning}},
Year = {{2001}},
Volume = {{45}},
Number = {{3}},
Pages = {{279-299}},
Publisher = {{SPRINGER}},
Address = {{VAN GODEWIJCKSTRAAT 30, 3311 GZ DORDRECHT, NETHERLANDS}},
Type = {{Article}},
Language = {{English}},
Affiliation = {{Thiesson, B (Reprint Author), Microsoft Corp, Res, 1 Microsoft Way, Redmond, WA 98052 USA.
   Microsoft Corp, Res, Redmond, WA 98052 USA.}},
DOI = {{10.1023/A:1017986506241}},
ISSN = {{0885-6125}},
}


@article{wainwright2008graphical,
  title={Graphical models, exponential families, and variational inference},
  author={Wainwright, Martin J and Jordan, Michael I and others},
  journal={Foundations and Trends{\textregistered} in Machine Learning},
  volume={1},
  number={1--2},
  pages={1--305},
  year={2008},
  publisher={Now Publishers, Inc.}
}

@article{ngChoice2003,
Author = {Ng, SK and McLachlan, GJ},
Title = {{On the choice of the number of blocks with the incremental {EM} algorithm
   for the fitting of normal mixtures}},
Journal = {{Statistics and Computing}},
Year = {{2003}},
Volume = {{13}},
Number = {{1}},
Pages = {{45-55}},
Month = {{FEB}},
DOI = {{10.1023/A:1021987710829}},
ISSN = {{0960-3174}},
ResearcherID-Numbers = {{McLachlan, Geoffrey/A-1491-2008}},
ORCID-Numbers = {{McLachlan, Geoffrey/0000-0002-5921-3145}},
Unique-ID = {{ISI:000180398600005}},
}

@article{BleiVariational2017,
Author = {Blei, David M. and Kucukelbir, Alp and McAuliffe, Jon D.},
Title = {{Variational Inference: A Review for Statisticians}},
Journal = {{Journal of the American statistical Association}},
Year = {{2017}},
Volume = {{112}},
Number = {{518}},
Pages = {{859-877}},
Month = {{JUN}},
DOI = {{10.1080/01621459.2017.1285773}},
ISSN = {{0162-1459}},
EISSN = {{1537-274X}},
Unique-ID = {{ISI:000411424400032}},
}


@incollection{xu:hsu:maleki:2016,
title = {Global Analysis of Expectation Maximization for Mixtures of Two Gaussians},
author = {Xu, Ji and Hsu, Daniel J and Maleki, Arian},
booktitle = {Advances in Neural Information Processing Systems 29},
editor = {D. D. Lee and M. Sugiyama and U. V. Luxburg and I. Guyon and R. Garnett},
pages = {2676--2684},
year = {2016},
publisher = {Curran Associates, Inc.},
%url = {http://papers.nips.cc/paper/6047-global-analysis-of-expectation-maximization-for-mixtures-of-two-gaussians.pdf}
}


@incollection{wang:gu:liu:2015,
title = {High Dimensional EM Algorithm: Statistical Optimization and Asymptotic Normality},
author = {Wang, Zhaoran and Gu, Quanquan and Ning, Yang and Liu, Han},
booktitle = {Advances in Neural Information Processing Systems 28},
editor = {C. Cortes and N. D. Lawrence and D. D. Lee and M. Sugiyama and R. Garnett},
pages = {2521--2529},
year = {2015},
publisher = {Curran Associates, Inc.},
%url = {http://papers.nips.cc/paper/5914-high-dimensional-em-algorithm-statistical-optimization-and-asymptotic-normality.pdf}
}
