
@article{mairal2015miso,
  title={Incremental majorization-minimization optimization with application to large-scale machine learning},
  author={Mairal, Julien},
  journal={SIAM Journal on Optimization},
  volume={25},
  number={2},
  pages={829--855},
  year={2015},
  publisher={SIAM}
}


@book{van2000asymptotic,
  title={Asymptotic statistics},
  author={Van der Vaart, Aad W},
  volume={3},
  year={2000},
  publisher={Cambridge university press}
}
