@inproceedings{mcmahan2017communication,
  title={Communication-efficient learning of deep networks from decentralized data},
  author={McMahan, Brendan and Moore, Eider and Ramage, Daniel and Hampson, Seth and y Arcas, Blaise Aguera},
  booktitle={Artificial Intelligence and Statistics},
  pages={1273--1282},
  year={2017},
  organization={PMLR}
}


@article{konevcny2016federated,
  title={Federated learning: Strategies for improving communication efficiency},
  author={Kone{\v{c}}n{\`y}, Jakub and McMahan, H Brendan and Yu, Felix X and Richt{\'a}rik, Peter and Suresh, Ananda Theertha and Bacon, Dave},
  journal={arXiv preprint arXiv:1610.05492},
  year={2016}
}


@inproceedings{alistarh2017qsgd,
  title={QSGD: Communication-efficient SGD via gradient quantization and encoding},
  author={Alistarh, Dan and Grubic, Demjan and Li, Jerry and Tomioka, Ryota and Vojnovic, Milan},
  booktitle={Advances in Neural Information Processing Systems},
  pages={1709--1720},
  year={2017}
}

@inproceedings{wangni2018gradient,
  title={Gradient sparsification for communication-efficient distributed optimization},
  author={Wangni, Jianqiao and Wang, Jialei and Liu, Ji and Zhang, Tong},
  booktitle={Advances in Neural Information Processing Systems},
  pages={1299--1309},
  year={2018}
}

@inproceedings{chen2020toward,
  title={Toward Communication Efficient Adaptive Gradient Method},
  author={Chen, Xiangyi and Li, Xiaoyun and Li, Ping},
  booktitle={ACM-IMS Foundations of Data Science Conference (FODS)},
  address  = {Seattle, WA},
  year={2020}
}

@article{you2019large,
  title={Large batch optimization for deep learning: Training bert in 76 minutes},
  author={You, Yang and Li, Jing and Reddi, Sashank and Hseu, Jonathan and Kumar, Sanjiv and Bhojanapalli, Srinadh and Song, Xiaodan and Demmel, James and Keutzer, Kurt and Hsieh, Cho-Jui},
  journal={arXiv preprint arXiv:1904.00962},
  year={2019}
}

@article{karimireddy2019error,
  title={Error feedback fixes signsgd and other gradient compression schemes},
  author={Karimireddy, Sai Praneeth and Rebjock, Quentin and Stich, Sebastian U and Jaggi, Martin},
  journal={arXiv preprint arXiv:1901.09847},
  year={2019}
}

@inproceedings{shi2019convergence,
  title={A Convergence Analysis of Distributed SGD with Communication-Efficient Gradient Sparsification.},
  author={Shi, Shaohuai and Zhao, Kaiyong and Wang, Qiang and Tang, Zhenheng and Chu, Xiaowen},
  booktitle={IJCAI},
  pages={3411--3417},
  year={2019}
}

@inproceedings{stich2018sparsified,
  title={Sparsified SGD with memory},
  author={Stich, Sebastian U and Cordonnier, Jean-Baptiste and Jaggi, Martin},
  booktitle={Advances in Neural Information Processing Systems},
  pages={4447--4458},
  year={2018}
}

@article{chen2020quantized,
  title={Quantized Adam with Error Feedback},
  author={Chen, Congliang and Shen, Li and Huang, Haozhi and Wu, Qi and Liu, Wei},
  journal={arXiv preprint arXiv:2004.14180},
  year={2020}
}

@article{wen2017terngrad,
  title={Terngrad: Ternary gradients to reduce communication in distributed deep learning},
  author={Wen, Wei and Xu, Cong and Yan, Feng and Wu, Chunpeng and Wang, Yandan and Chen, Yiran and Li, Hai},
  journal={arXiv preprint arXiv:1705.07878},
  year={2017}
}

@inproceedings{jiang2018linear,
  title={A linear speedup analysis of distributed deep learning with sparse and quantized communication},
  author={Jiang, Peng and Agrawal, Gagan},
  booktitle={Proceedings of the 32nd International Conference on Neural Information Processing Systems},
  pages={2530--2541},
  year={2018}
}


@inproceedings{haddadpour2019trading,
  title={Trading redundancy for communication: Speeding up distributed sgd for non-convex optimization},
  author={Haddadpour, Farzin and Kamani, Mohammad Mahdi and Mahdavi, Mehrdad and Cadambe, Viveck},
  booktitle={International Conference on Machine Learning},
  pages={2545--2554},
  year={2019},
  organization={PMLR}
}

@article{aji2017sparse,
  title={Sparse communication for distributed gradient descent},
  author={Aji, Alham Fikri and Heafield, Kenneth},
  journal={arXiv preprint arXiv:1704.05021},
  year={2017}
}

@inproceedings{bernstein2018signsgd,
  title={signSGD: Compressed optimisation for non-convex problems},
  author={Bernstein, Jeremy and Wang, Yu-Xiang and Azizzadenesheli, Kamyar and Anandkumar, Animashree},
  booktitle={International Conference on Machine Learning},
  pages={560--569},
  year={2018},
  organization={PMLR}
}


@inproceedings{de2017understanding,
  title={Understanding and optimizing asynchronous low-precision stochastic gradient descent},
  author={De Sa, Christopher and Feldman, Matthew and R{\'e}, Christopher and Olukotun, Kunle},
  booktitle={Proceedings of the 44th Annual International Symposium on Computer Architecture},
  pages={561--574},
  year={2017}
}

@inproceedings{yang2019swalp,
  title={SWALP: Stochastic weight averaging in low precision training},
  author={Yang, Guandao and Zhang, Tianyi and Kirichenko, Polina and Bai, Junwen and Wilson, Andrew Gordon and De Sa, Chris},
  booktitle={International Conference on Machine Learning},
  pages={7015--7024},
  year={2019},
  organization={PMLR}
}

@incollection{bottou2008,
	Author = {Bottou, L\'{e}on and Bousquet, Olivier},
	Booktitle = {Advances in Neural Information Processing Systems 20},
	Editor = {J. C. Platt and D. Koller and Y. Singer and S. T. Roweis},
	Pages = {161--168},
	Publisher = {Curran Associates, Inc.},
	Title = {The Tradeoffs of Large Scale Learning},
	Year = {2008}}
	
	
@article{kingma2014adam,
  title={Adam: A method for stochastic optimization},
  author={Kingma, Diederik P and Ba, Jimmy},
  journal={arXiv preprint arXiv:1412.6980},
  year={2014}
}

@inproceedings{karimi2019non,
  title={Non-asymptotic analysis of biased stochastic approximation scheme},
  author={Karimi, Belhal and Miasojedow, Blazej and Moulines, Eric and Wai, Hoi-To},
  booktitle={Conference on Learning Theory},
  pages={1944--1974},
  year={2019},
  organization={PMLR}
}


@article{ghadimi2013stochastic,
	Author = {Ghadimi, Saeed and Lan, Guanghui},
	Date-Added = {2018-10-27 15:50:56 -0400},
	Date-Modified = {2018-10-27 15:50:56 -0400},
	Journal = {SIAM Journal on Optimization},
	Number = {4},
	Pages = {2341--2368},
	Publisher = {SIAM},
	Title = {Stochastic first-and zeroth-order methods for nonconvex stochastic programming},
	Volume = {23},
	Year = {2013}}
	
@article{alistarh2018convergence,
  title={The convergence of sparsified gradient methods},
  author={Alistarh, Dan and Hoefler, Torsten and Johansson, Mikael and Khirirat, Sarit and Konstantinov, Nikola and Renggli, C{\'e}dric},
  journal={arXiv preprint arXiv:1809.10505},
  year={2018}
}

@article{jegou2010product,
  title={Product quantization for nearest neighbor search},
  author={Jegou, Herve and Douze, Matthijs and Schmid, Cordelia},
  journal={IEEE transactions on pattern analysis and machine intelligence},
  volume={33},
  number={1},
  pages={117--128},
  year={2010},
  publisher={IEEE}
}

@article{chen2010approximate,
  title={Approximate nearest neighbor search by residual vector quantization},
  author={Chen, Yongjian and Guan, Tao and Wang, Cheng},
  journal={Sensors},
  volume={10},
  number={12},
  pages={11259--11273},
  year={2010},
  publisher={Molecular Diversity Preservation International}
}

@inproceedings{reddi2019convergence,
	title={On the convergence of adam and beyond},
	author={Reddi, Sashank J and Kale, Satyen and Kumar, Sanjiv},
	booktitle={International Conference on Learning Representations},
	year={2018}
}

@article{boyd2011distributed,
	title={Distributed optimization and statistical learning via the alternating direction method of multipliers},
	author={Boyd, Stephen and Parikh, Neal and Chu, Eric and Peleato, Borja and Eckstein, Jonathan and others},
	journal={Foundations and Trends{\textregistered} in Machine learning},
	volume={3},
	number={1},
	pages={1--122},
	year={2011},
	publisher={Now Publishers, Inc.}
}

@article{duchi2011dual,
	title={Dual averaging for distributed optimization: Convergence analysis and network scaling},
	author={Duchi, John C and Agarwal, Alekh and Wainwright, Martin J},
	journal={IEEE Transactions on Automatic control},
	volume={57},
	number={3},
	pages={592--606},
	year={2011},
	publisher={IEEE}
}

@article{nedic2009distributed,
	title={Distributed subgradient methods for multi-agent optimization},
	author={Nedic, Angelia and Ozdaglar, Asuman},
	journal={IEEE Transactions on Automatic Control},
	volume={54},
	number={1},
	pages={48},
	year={2009}
}

@inproceedings{hong2017prox,
	title={Prox-PDA: The proximal primal-dual algorithm for fast distributed nonconvex optimization and learning over networks},
	author={Hong, Mingyi and Hajinezhad, Davood and Zhao, Ming-Min},
	booktitle={International Conference on Machine Learning},
	pages={1529--1538},
	year={2017},
}



@inproceedings{lu2019gnsd,
  title={GNSD: A gradient-tracking based nonconvex stochastic algorithm for decentralized optimization},
  author={Lu, Songtao and Zhang, Xinwei and Sun, Haoran and Hong, Mingyi},
  booktitle={2019 IEEE Data Science Workshop (DSW)},
  pages={315--321},
  year={2019}
}

@inproceedings{koloskova2019decentralized,
  title={Decentralized stochastic optimization and gossip algorithms with compressed communication},
  author={Koloskova, Anastasia and Stich, Sebastian U and Jaggi, Martin},
  booktitle={International Conference on Machine Learning},
  pages={3478--3487},
  year={2019}
}



@inproceedings{chilimbi2014project,
	title={Project adam: Building an efficient and scalable deep learning training system},
	author={Chilimbi, Trishul and Suzue, Yutaka and Apacible, Johnson and Kalyanaraman, Karthik},
	booktitle={Symposium on Operating Systems Design and Implementation},
	pages={571--582},
	year={2014}
}

@article{nazari2019dadam,
	title={DADAM: A consensus-based distributed adaptive gradient method for online optimization},
	author={Nazari, Parvin and Tarzanagh, Davoud Ataee and Michailidis, George},
	journal={arXiv preprint arXiv:1901.09109},
	year={2019}
}


@inproceedings{Proc:GAN_NIPS14,
  author    = {Ian J. Goodfellow and
               Jean Pouget{-}Abadie and
               Mehdi Mirza and
               Bing Xu and
               David Warde{-}Farley and
               Sherjil Ozair and
               Aaron C. Courville and
               Yoshua Bengio},
  title     = {Generative Adversarial Nets},
  booktitle = {Advances in Neural Information Processing Systems 27: Annual Conference
               on Neural Information Processing Systems 2014, December 8-13 2014,
               Montreal, Quebec, Canada},
  pages     = {2672--2680},
  year      = {2014}
}

@inproceedings{Proc:Resnet_CVPR16,
  author    = {Kaiming He and
               Xiangyu Zhang and
               Shaoqing Ren and
               Jian Sun},
  title     = {Deep Residual Learning for Image Recognition},
  booktitle = {2016 {IEEE} Conference on Computer Vision and Pattern Recognition,
               {CVPR} 2016, Las Vegas, NV, USA, June 27-30, 2016},
  pages     = {770--778},
  publisher = {{IEEE} Computer Society},
  year      = {2016}
}

@article{CV_review18,
  author    = {Athanasios Voulodimos and
               Nikolaos Doulamis and
               Anastasios D. Doulamis and
               Eftychios Protopapadakis},
  title     = {Deep Learning for Computer Vision: {A} Brief Review},
  journal   = {Comput. Intell. Neurosci.},
  volume    = {2018},
  pages     = {7068349:1--7068349:13},
  year      = {2018}
}

@inproceedings{Proc:Graves_ICASSP13,
  author    = {Alex Graves and
               Abdel{-}rahman Mohamed and
               Geoffrey E. Hinton},
  title     = {Speech recognition with deep recurrent neural networks},
  booktitle = {{IEEE} International Conference on Acoustics, Speech and Signal Processing,
               {ICASSP} 2013, Vancouver, BC, Canada, May 26-31, 2013},
  pages     = {6645--6649},
  publisher = {{IEEE}},
  year      = {2013}
}

@article{NLP_review18,
  author    = {Tom Young and
               Devamanyu Hazarika and
               Soujanya Poria and
               Erik Cambria},
  title     = {Recent Trends in Deep Learning Based Natural Language Processing [Review
               Article]},
  journal   = {{IEEE} Comput. Intell. Mag.},
  volume    = {13},
  number    = {3},
  pages     = {55--75},
  year      = {2018}
}

@article{sentiment_review18,
  author    = {Lei Zhang and
               Shuai Wang and
               Bing Liu},
  title     = {Deep learning for sentiment analysis: {A} survey},
  journal   = {Wiley Interdiscip. Rev. Data Min. Knowl. Discov.},
  volume    = {8},
  number    = {4},
  year      = {2018}
}

@article{Arxiv:MnihKSGAWR13,
  author    = {Volodymyr Mnih and
               Koray Kavukcuoglu and
               David Silver and
               Alex Graves and
               Ioannis Antonoglou and
               Daan Wierstra and
               Martin A. Riedmiller},
  title     = {Playing Atari with Deep Reinforcement Learning},
  journal   = {CoRR},
  volume    = {abs/1312.5602},
  year      = {2013}
}

@article{AlphaGo_17,
  author    = {David Silver and
               Julian Schrittwieser and
               Karen Simonyan and
               Ioannis Antonoglou and
               Aja Huang and
               Arthur Guez and
               Thomas Hubert and
               Lucas Baker and
               Matthew Lai and
               Adrian Bolton and
               Yutian Chen and
               Timothy P. Lillicrap and
               Fan Hui and
               Laurent Sifre and
               George van den Driessche and
               Thore Graepel and
               Demis Hassabis},
  title     = {Mastering the game of Go without human knowledge},
  journal   = {Nat.},
  volume    = {550},
  number    = {7676},
  pages     = {354--359},
  year      = {2017}
}

@inproceedings{Proc:Covington_2016,
  author    = {Paul Covington and
               Jay Adams and
               Emre Sargin},
  title     = {Deep Neural Networks for YouTube Recommendations},
  booktitle = {Proceedings of the 10th {ACM} Conference on Recommender Systems, Boston,
               MA, USA, September 15-19, 2016},
  pages     = {191--198},
  publisher = {{ACM}},
  year      = {2016}
}
@article{Article:Wei_2017,
  author    = {Jian Wei and
               Jianhua He and
               Kai Chen and
               Yi Zhou and
               Zuoyin Tang},
  title     = {Collaborative filtering and deep learning based recommendation system
               for cold start items},
  journal   = {Expert Systems with Applications},
  volume    = {69},
  pages     = {29--39},
  year      = {2017}
}

@inproceedings{Proc:Dean_NIPS12,
  author    = {Jeffrey Dean and
               Greg Corrado and
               Rajat Monga and
               Kai Chen and
               Matthieu Devin and
               Quoc V. Le and
               Mark Z. Mao and
               Marc'Aurelio Ranzato and
               Andrew W. Senior and
               Paul A. Tucker and
               Ke Yang and
               Andrew Y. Ng},
  title     = {Large Scale Distributed Deep Networks},
  booktitle = {Advances in Neural Information Processing Systems 25: 26th Annual
               Conference on Neural Information Processing Systems 2012. Proceedings
               of a meeting held December 3-6, 2012, Lake Tahoe, Nevada, United States},
  pages     = {1232--1240},
  year      = {2012}
}

@article{Proc:Chang18,
  author    = {Ken Chang and
               Niranjan Balachandar and
               Carson K. Lam and
               Darvin Yi and
               James M. Brown and
               Andrew Beers and
               Bruce R. Rosen and
               Daniel L. Rubin and
               Jayashree Kalpathy{-}Cramer},
  title     = {Distributed deep learning networks among institutions for medical
               imaging},
  journal   = {J. Am. Medical Informatics Assoc.},
  volume    = {25},
  number    = {8},
  pages     = {945--954},
  year      = {2018}
}

@inproceedings{Proc:Agrawal_NIPS19,
  author    = {Naman Agarwal and
               Ananda Theertha Suresh and
               Felix X. Yu and
               Sanjiv Kumar and
               Brendan McMahan},
  title     = {cpSGD: Communication-efficient and differentially-private distributed
               {SGD}},
  booktitle = {Advances in Neural Information Processing Systems 31: Annual Conference
               on Neural Information Processing Systems 2018, NeurIPS 2018, December
               3-8, 2018, Montr{\'{e}}al, Canada},
  pages     = {7575--7586},
  year      = {2018}
}

@inproceedings{Proc:Wu_ICML18,
  author    = {Jiaxiang Wu and
               Weidong Huang and
               Junzhou Huang and
               Tong Zhang},
  title     = {Error Compensated Quantized {SGD} and its Applications to Large-scale
               Distributed Optimization},
  booktitle = {Proceedings of the 35th International Conference on Machine Learning,
               {ICML} 2018, Stockholmsm{\"{a}}ssan, Stockholm, Sweden, July
               10-15, 2018},
  series    = {Proceedings of Machine Learning Research},
  volume    = {80},
  pages     = {5321--5329},
  publisher = {{PMLR}},
  year      = {2018}
}

@article{mikami2018massively,
  title={Massively distributed SGD: ImageNet/ResNet-50 training in a flash},
  author={Mikami, Hiroaki and Suganuma, Hisahiro and Tanaka, Yoshiki and Kageyama, Yuichi and others},
  journal={arXiv preprint arXiv:1811.05233},
  year={2018}
}

@inproceedings{Duchi10-adagrad,
  author    = {John C. Duchi and
               Elad Hazan and
               Yoram Singer},
  title     = {Adaptive Subgradient Methods for Online Learning and Stochastic Optimization},
  booktitle = {{COLT} 2010 - The 23rd Conference on Learning Theory, Haifa, Israel,
               June 27-29, 2010},
  pages     = {257--269},
  year      = {2010}
}


@inproceedings{Proc:Ivkin_NIPS19,
  author    = {Nikita Ivkin and
               Daniel Rothchild and
               Enayat Ullah and
               Vladimir Braverman and
               Ion Stoica and
               Raman Arora},
  title     = {Communication-efficient Distributed {SGD} with Sketching},
  booktitle = {Advances in Neural Information Processing Systems 32: Annual Conference
               on Neural Information Processing Systems 2019, NeurIPS 2019, December
               8-14, 2019, Vancouver, BC, Canada},
  pages     = {13144--13154},
  year      = {2019}
}

@article{Arxiv:Goyal17,
  author    = {Priya Goyal and
               Piotr Doll{\'{a}}r and
               Ross B. Girshick and
               Pieter Noordhuis and
               Lukasz Wesolowski and
               Aapo Kyrola and
               Andrew Tulloch and
               Yangqing Jia and
               Kaiming He},
  title     = {Accurate, Large Minibatch {SGD:} Training ImageNet in 1 Hour},
  journal   = {CoRR},
  volume    = {abs/1706.02677},
  year      = {2017}
}

@inproceedings{Proc:Seide14,
  author    = {Frank Seide and
               Hao Fu and
               Jasha Droppo and
               Gang Li and
               Dong Yu},
  title     = {1-bit stochastic gradient descent and its application to data-parallel
               distributed training of speech DNNs},
  booktitle = {{INTERSPEECH} 2014, 15th Annual Conference of the International Speech
               Communication Association, Singapore, September 14-18, 2014},
  pages     = {1058--1062},
  publisher = {{ISCA}},
  year      = {2014}
}

@inproceedings{Proc:8-bit_ICLR16,
  author    = {Tim Dettmers},
  editor    = {Yoshua Bengio and
               Yann LeCun},
  title     = {8-Bit Approximations for Parallelism in Deep Learning},
  booktitle = {4th International Conference on Learning Representations, {ICLR} 2016,
               San Juan, Puerto Rico, May 2-4, 2016, Conference Track Proceedings},
  year      = {2016}
}

@inproceedings{Proc:Bernstein_ICLR19,
  author    = {Jeremy Bernstein and
               Jiawei Zhao and
               Kamyar Azizzadenesheli and
               Anima Anandkumar},
  title     = {signSGD with Majority Vote is Communication Efficient and Fault Tolerant},
  booktitle = {7th International Conference on Learning Representations, {ICLR} 2019,
               New Orleans, LA, USA, May 6-9, 2019},
  publisher = {OpenReview.net},
  year      = {2019}
}

@inproceedings{Proc:Aji_EMNLP17,
  author    = {Alham Fikri Aji and
               Kenneth Heafield},
  title     = {Sparse Communication for Distributed Gradient Descent},
  booktitle = {Proceedings of the 2017 Conference on Empirical Methods in Natural
               Language Processing, {EMNLP} 2017, Copenhagen, Denmark, September
               9-11, 2017},
  pages     = {440--445},
  publisher = {Association for Computational Linguistics},
  year      = {2017}
}

@inproceedings{Proc:Lin_ICLR18,
  author    = {Yujun Lin and
               Song Han and
               Huizi Mao and
               Yu Wang and
               Bill Dally},
  title     = {Deep Gradient Compression: Reducing the Communication Bandwidth for
               Distributed Training},
  booktitle = {6th International Conference on Learning Representations, {ICLR} 2018,
               Vancouver, BC, Canada, April 30 - May 3, 2018, Conference Track Proceedings},
  publisher = {OpenReview.net},
  year      = {2018}
}

@inproceedings{Proc:Yu_AISTATS19,
  author    = {Yue Yu and
               Jiaxiang Wu and
               Junzhou Huang},
  title     = {Exploring Fast and Communication-Efficient Algorithms in Large-Scale
               Distributed Networks},
  booktitle = {The 22nd International Conference on Artificial Intelligence and Statistics,
               {AISTATS} 2019, 16-18 April 2019, Naha, Okinawa, Japan},
  series    = {Proceedings of Machine Learning Research},
  volume    = {89},
  pages     = {674--683},
  publisher = {{PMLR}},
  year      = {2019}
}

@inproceedings{Proc:Zhang_ICML17,
  author    = {Hantian Zhang and
               Jerry Li and
               Kaan Kara and
               Dan Alistarh and
               Ji Liu and
               Ce Zhang},
  title     = {ZipML: Training Linear Models with End-to-End Low Precision, and a
               Little Bit of Deep Learning},
  booktitle = {Proceedings of the 34th International Conference on Machine Learning,
               {ICML} 2017, Sydney, NSW, Australia, 6-11 August 2017},
  series    = {Proceedings of Machine Learning Research},
  volume    = {70},
  pages     = {4035--4043},
  publisher = {{PMLR}},
  year      = {2017}
}

@inproceedings{Proc:Shen_ICML18,
  author    = {Zebang Shen and
               Aryan Mokhtari and
               Tengfei Zhou and
               Peilin Zhao and
               Hui Qian},
  title     = {Towards More Efficient Stochastic Decentralized Learning: Faster Convergence
               and Sparse Communication},
  booktitle = {Proceedings of the 35th International Conference on Machine Learning,
               {ICML} 2018, Stockholmsm{\"{a}}ssan, Stockholm, Sweden, July
               10-15, 2018},
  series    = {Proceedings of Machine Learning Research},
  volume    = {80},
  pages     = {4631--4640},
  publisher = {{PMLR}},
  year      = {2018}
}

@inproceedings{Proc:Basu_NIPS19,
  author    = {Debraj Basu and
               Deepesh Data and
               Can Karakus and
               Suhas N. Diggavi},
  title     = {Qsparse-local-SGD: Distributed {SGD} with Quantization, Sparsification
               and Local Computations},
  booktitle = {Advances in Neural Information Processing Systems 32: Annual Conference
               on Neural Information Processing Systems 2019, NeurIPS 2019, December
               8-14, 2019, Vancouver, BC, Canada},
  pages     = {14668--14679},
  year      = {2019}
}

@inproceedings{Proc:Jiang_SIGMOD18,
  author    = {Jiawei Jiang and
               Fangcheng Fu and
               Tong Yang and
               Bin Cui},
  title     = {SketchML: Accelerating Distributed Machine Learning with Data Sketches},
  booktitle = {Proceedings of the 2018 International Conference on Management of
               Data, {SIGMOD} Conference 2018, Houston, TX, USA, June 10-15, 2018},
  pages     = {1269--1284},
  publisher = {{ACM}},
  year      = {2018}
}

@article{nemirovski2009robust,
  title={Robust stochastic approximation approach to stochastic programming},
  author={Nemirovski, Arkadi and Juditsky, Anatoli and Lan, Guanghui and Shapiro, Alexander},
  journal={SIAM Journal on optimization},
  volume={19},
  number={4},
  pages={1574--1609},
  year={2009},
  publisher={SIAM}
}

@inproceedings{Proc:Charikar_ICALP02,
  author    = {Moses Charikar and
               Kevin C. Chen and
               Martin Farach{-}Colton},
  title     = {Finding Frequent Items in Data Streams},
  booktitle = {Automata, Languages and Programming, 29th International Colloquium,
               {ICALP} 2002, Malaga, Spain, July 8-13, 2002, Proceedings},
  series    = {Lecture Notes in Computer Science},
  volume    = {2380},
  pages     = {693--703},
  publisher = {Springer},
  year      = {2002}
}

@article{Proc:adadelta,
  author    = {Matthew D. Zeiler},
  title     = {{ADADELTA:} An Adaptive Learning Rate Method},
  journal   = {CoRR},
  volume    = {abs/1212.5701},
  year      = {2012}
}

@inproceedings{Proc:LAMB_ICLR20,
  author    = {Yang You and
               Jing Li and
               Sashank J. Reddi and
               Jonathan Hseu and
               Sanjiv Kumar and
               Srinadh Bhojanapalli and
               Xiaodan Song and
               James Demmel and
               Kurt Keutzer and
               Cho{-}Jui Hsieh},
  title     = {Large Batch Optimization for Deep Learning: Training {BERT} in 76
               minutes},
  booktitle = {8th International Conference on Learning Representations, {ICLR} 2020,
               Addis Ababa, Ethiopia, April 26-30, 2020},
  publisher = {OpenReview.net},
  year      = {2020}
}

@article{Arxiv:Zhang_ICLR21,
  author    = {Tianyi Zhang and
               Felix Wu and
               Arzoo Katiyar and
               Kilian Q. Weinberger and
               Yoav Artzi},
  title     = {Revisiting Few-sample {BERT} Fine-tuning},
  journal   = {CoRR},
  volume    = {abs/2006.05987},
  year      = {2020}
}

@article{Arxiv:Choi_2019,
  author    = {Dami Choi and
               Christopher J. Shallue and
               Zachary Nado and
               Jaehoon Lee and
               Chris J. Maddison and
               George E. Dahl},
  title     = {On Empirical Comparisons of Optimizers for Deep Learning},
  journal   = {CoRR},
  volume    = {abs/1910.05446},
  year      = {2019}
}

@article{ajalloeian2020analysis,
  title={Analysis of sgd with biased gradient estimators},
  author={Ajalloeian, Ahmad and Stich, Sebastian U},
  journal={arXiv preprint arXiv:2008.00051},
  year={2020}
}

@article{Arxiv:Beznosikov20,
  author    = {Aleksandr Beznosikov and
               Samuel Horv{\'{a}}th and
               Peter Richt{\'{a}}rik and
               Mher Safaryan},
  title     = {On Biased Compression for Distributed Learning},
  journal   = {CoRR},
  volume    = {abs/2002.12410},
  year      = {2020}
}

@inproceedings{Proc:Zheng_NIPS19,
  author    = {Shuai Zheng and
               Ziyue Huang and
               James T. Kwok},
  title     = {Communication-Efficient Distributed Blockwise Momentum {SGD} with
               Error-Feedback},
  booktitle = {Advances in Neural Information Processing Systems 32: Annual Conference
               on Neural Information Processing Systems 2019, NeurIPS 2019, December
               8-14, 2019, Vancouver, BC, Canada},
  pages     = {11446--11456},
  year      = {2019}
}

@article{Article:Stich_arxiv19,
  author    = {Sebastian U. Stich and
               Sai Praneeth Karimireddy},
  title     = {The Error-Feedback Framework: Better Rates for {SGD} with Delayed
               Gradients and Compressed Communication},
  journal   = {CoRR},
  volume    = {abs/1909.05350},
  year      = {2019},
  url       = {http://arxiv.org/abs/1909.05350}
}

@inproceedings{Proc:BERT,
  author    = {Jacob Devlin and
               Ming{-}Wei Chang and
               Kenton Lee and
               Kristina Toutanova},
  title     = {{BERT:} Pre-training of Deep Bidirectional Transformers for Language
               Understanding},
  booktitle = {Proceedings of the 2019 Conference of the North American Chapter of
               the Association for Computational Linguistics: Human Language Technologies,
               {NAACL-HLT} 2019, Minneapolis, MN, USA, June 2-7, 2019, Volume 1 (Long
               and Short Papers)},
  pages     = {4171--4186},
  publisher = {Association for Computational Linguistics},
  year      = {2019}
}

@inproceedings{Proc:Zhao_MLsys20,
  author    = {Weijie Zhao and
               Deping Xie and
               Ronglai Jia and
               Yulei Qian and
               Ruiquan Ding and
               Mingming Sun and
               Ping Li},
  title     = {Distributed Hierarchical {GPU} Parameter Server for Massive Scale
               Deep Learning Ads Systems},
  booktitle = {Proceedings of Machine Learning and Systems 2020, MLSys 2020, Austin,
               TX, USA, March 2-4, 2020},
  publisher = {mlsys.org},
  year      = {2020}
}

@article{Arxiv:Zhou_18,
  author    = {Dongruo Zhou and
               Yiqi Tang and
               Ziyan Yang and
               Yuan Cao and
               Quanquan Gu},
  title     = {On the Convergence of Adaptive Gradient Methods for Nonconvex Optimization},
  journal   = {CoRR},
  volume    = {abs/1808.05671},
  year      = {2018}
}

@inproceedings{Proc:Chen_ICLR19,
  author    = {Xiangyi Chen and
               Sijia Liu and
               Ruoyu Sun and
               Mingyi Hong},
  title     = {On the Convergence of {A} Class of Adam-Type Algorithms for Non-Convex
               Optimization},
  booktitle = {7th International Conference on Learning Representations, {ICLR} 2019,
               New Orleans, LA, USA, May 6-9, 2019},
  publisher = {OpenReview.net},
  year      = {2019}
}

@article{lecun1998mnist,
	Author = {LeCun, Yann},
	Journal = {http://yann. lecun. com/exdb/mnist/},
	Title = {The MNIST database of handwritten digits},
	Year = {1998}}

@article{krizhevsky2009learning,
  title={Learning multiple layers of features from tiny images},
  author={Krizhevsky, A. and Hinton, G.},
  journal={Master's thesis, Department of Computer Science, University of Toronto},
  year={2009},
  publisher={Citeseer}
}

@inproceedings{Proc:Yu_ICML19,
  author    = {Hao Yu and
               Rong Jin and
               Sen Yang},
  title     = {On the Linear Speedup Analysis of Communication Efficient Momentum
               {SGD} for Distributed Non-Convex Optimization},
  booktitle = {Proceedings of the 36th International Conference on Machine Learning,
               {ICML} 2019, 9-15 June 2019, Long Beach, California, {USA}},
  series    = {Proceedings of Machine Learning Research},
  volume    = {97},
  pages     = {7184--7193},
  publisher = {{PMLR}},
  year      = {2019}
}


@inproceedings{Proc:Liu_ICLR20,
  author    = {Liyuan Liu and
               Haoming Jiang and
               Pengcheng He and
               Weizhu Chen and
               Xiaodong Liu and
               Jianfeng Gao and
               Jiawei Han},
  title     = {On the Variance of the Adaptive Learning Rate and Beyond},
  booktitle = {8th International Conference on Learning Representations, {ICLR} 2020,
               Addis Ababa, Ethiopia, April 26-30, 2020},
  publisher = {OpenReview.net},
  year      = {2020}
}

@article{mnist,
  title={Gradient-based learning applied to document recognition},
  author={LeCun, Yann and Bottou, L{\'e}on and Bengio, Yoshua and Haffner, Patrick},
  journal={Proceedings of the IEEE},
  volume={86},
  number={11},
  pages={2278--2324},
  year={1998},
  publisher={Ieee}
}

@article{cifar,
  title={Learning multiple layers of features from tiny images},
  author={Krizhevsky, Alex and Hinton, Geoffrey and others},
  year={2009},
  publisher={Citeseer}
}

@inproceedings{imdb,
  title={Learning word vectors for sentiment analysis},
  author={Maas, Andrew and Daly, Raymond E and Pham, Peter T and Huang, Dan and Ng, Andrew Y and Potts, Christopher},
  booktitle={Proceedings of the 49th annual meeting of the association for computational linguistics: Human language technologies},
  pages={142--150},
  year={2011}
}

@article{tang20211,
  title={1-bit Adam: Communication Efficient Large-Scale Training with Adam's Convergence Speed},
  author={Tang, Hanlin and Gan, Shaoduo and Awan, Ammar Ahmad and Rajbhandari, Samyam and Li, Conglong and Lian, Xiangru and Liu, Ji and Zhang, Ce and He, Yuxiong},
  journal={arXiv preprint arXiv:2102.02888},
  year={2021}
}


@article{chen2021convergence,
  title={On the Convergence of Decentralized Adaptive Gradient Methods},
  author={Chen, Xiangyi and Karimi, Belhal and Zhao, Weijie and Li, Ping},
  journal={arXiv preprint arXiv:2109.03194},
  year={2021}
}

@article{wang2019optimistic,
  title={An optimistic acceleration of amsgrad for nonconvex optimization},
  author={Wang, Jun-Kun and Li, Xiaoyun and Karimi, Belhal and Li, Ping},
  journal={arXiv preprint arXiv:1903.01435},
  year={2019}
}