@article{pesme2020convergence,
  title={On Convergence-Diagnostic based Step Sizes for Stochastic Gradient Descent},
  author={Pesme, Scott and Dieuleveut, Aymeric and Flammarion, Nicolas},
  journal={arXiv preprint arXiv:2007.00534},
  year={2020}
}